3106 5122
476 453 501 516 F
519 453 545 509 S.
580 449 643 509 Aca
661 450 766 523 publica
780 455 980 523 municipiorum.
1256 449 1317 521 3TT

129 604 310 690 picandiqua
323 603 368 688 ¹),
397 613 465 675 uter
488 628 592 675 eorum
619 612 704 677 locus
735 613 828 696 magis
859 611 986 678 daucus
1013 610 1148 677 videatur
1175 612 1320 677 emendus

128 695 247 776 prablice
268 695 394 774 pecunia
415 714 433 758 e
454 697 573 776 privatis
597 700 662 761 eius
684 701 741 764 loci
763 701 967 782 quem-megia
990 699 1195 781 probaverint3
1217 700 1320 781 ulirpre

128 782 210 863 apud
232 799 297 845 eanr
319 801 399 845 amur
420 783 584 863 quodannis
604 786 642 849 A.
666 784 796 869 D....²)
820 786 928 867 publici
948 788 1082 849 manibus
1105 787 1171 851 e'rrs
1186 804 1241 868 per
1254 805 1320 849 rna-

128 874 273 951 gistratus
296 886 388 933 eosve
410 871 459 948 qui
480 872 520 933 ibi
542 873 597 935 iuri
627 871 753 939 diceudo
775 881 931 953 praetant,
961 874 1040 954 togis
1070 872 1156 955 pullis
1185 873 1319 948 eructas,

128 957 239 1035 addus
261 974 366 1019 eorunr
388 956 434 1023 ius
455 956 571 1041 serape,
595 977 632 1022 ec
655 959 714 1037 die,
737 962 802 1024 eius
817 961 907 1024 restis
923 959 1086 1039 habendae,
1107 958 1232 1023 iruieriaa
1249 962 1320 1023 ruii-

129 1050 241 1121 lentur,
263 1043 380 1123 bosque
401 1051 433 1104 et
454 1046 519 1107 ovis
540 1047 598 1109 utri
617 1045 726 1109 infulis.
741 1047 868 1111 caerulis
889 1046 1013 1124 inlaudati,
1036 1046 1090 1109 diis
1106 1048 1241 1110 manibus
1254 1049 1320 1110 eius

129 1136 314 1205 nuetenlur3
335 1147 450 1211 eaeque
472 1130 587 1197 burne
609 1152 647 1195 eu
669 1134 738 1196 luco
759 1133 946 1211 adoleantur,
967 1150 1118 1213 superque
1140 1151 1193 1197 eas
1213 1135 1321 1217 singu·

129 1216 178 1281 lae
201 1234 295 1283 urnac
317 1216 421 1295 betis,
443 1218 547 1297 mellis,
570 1219 638 1296 olei,
660 1219 835 1296 innuerim
857 1239 893 1283 ac
914 1227 975 1282 tum
997 1219 1241 1284 decemuiralem
1264 1238 1320 1284 ce-

129 1305 204 1367 teris
226 1309 412 1385 potestaten,
434 1306 461 1369 si
482 1308 531 1385 qui
553 1307 686 1386 priuatim
708 1308 799 1370 uelint
819 1306 952 1371 manibus
973 1307 1038 1369 eius
1053 1306 1174 1371 inferias
1188 1310 1320 1383 mittere3

129 1392 201 1453 niue
224 1392 291 1473 quis
312 1391 437 1471 amplius
467 1394 527 1457 unu
556 1412 647 1456 cereo
673 1412 775 1464 ,unave
801 1393 868 1458 iace
896 1411 1046 1458 cuonem
1074 1394 1184 1472 mittat,
1212 1392 1321 1457 drurrii

128 1479 183 1559 uui
204 1476 435 1556 immolaverint,
464 1480 552 1545 arcu
574 1480 687 1545 Gabino
709 1483 783 1559 ritu,
811 1489 925 1545 struem
954 1482 1100 1562 lignorum
1129 1482 1321 1558 secundent,

129 1563 229 1645 adque
249 1563 360 1629 exinde
386 1564 521 1633 laberio.
564 1568 611 1630 Uti
636 1568 720 1631 lacus
751 1576 820 1633 ania
847 1588 913 1632 eam
943 1587 1040 1647 aram,
1070 1583 1131 1648 quo
1158 1584 1196 1629 ee
1222 1575 1321 1630 strues

129 1659 335 1736 congerantur
356 1660 578 1732 conponantur,
605 1661 704 1734 puteat
724 1651 885 1737 carpel)
915 1672 1022 1718 versus
1043 1654 1137 1735 pedes
1158 1653 1211 1717 XL
1232 1655 1321 1717 stibi·-

130 1740 270 1819 tibnsqua
292 1740 433 1803 rebustus
463 1740 625 1821 saepiatur,
657 1741 864 1823 lignorumque
894 1759 1022 1805 amrvos
1055 1742 1119 1827 eius
1148 1742 1194 1803 rai
1222 1742 1319 1823 palia

130 1825 299 1906 quodannis
320 1826 361 1891 ibi
384 1828 594 1902 constituatur,
622 1827 767 1908 cippoque
787 1828 894 1910 grandi
923 1828 1084 1892 secundare
1104 1846 1185 1891 oraru
1207 1826 1321 1891 renue

129 1912 189 1977 boc
210 1912 364 1976 decretum
377 1931 444 1979 euru
457 1914 661 1994 superioribus
677 1913 805 1978 decretis
820 1915 859 1979 ad
873 1916 938 1983 aius
947 1913 979 1998 ⁴)
994 1915 1128 1979 honores
1144 1915 1321 1997 pertinenti-

129 2000 188 2063 bus
210 1998 356 2065 incidatur
378 2000 615 2080 insculpaturve3
645 2019 730 2079 naua,
759 2002 839 2081 quod
867 2003 905 2064 ad
935 2009 1034 2065 cetere
1056 2002 1215 2081 solemnia,
1243 2020 1321 2083 quae

131 2086 239 2151 eodem
261 2085 312 2149 illo
335 2087 383 2151 die
404 2088 499 2150 uitam
519 2088 657 2151 auveriae
678 2089 857 2168 placuissent
878 2089 1107 2170 plaeerautque,
1134 2089 1164 2150 id
1185 2104 1321 2169 sequen·-

131 2173 201 2239 dura
229 2172 310 2255 quod
331 2174 370 2236 de
399 2174 434 2239 iis
457 2182 576 2239 senatus
605 2174 638 2236 P.
660 2175 694 2237 R.
716 2177 898 2253 censuisset3
927 2176 1028 2255 abque
1050 2170 1177 2258 pri[mo]
1201 2193 1322 2256 quoque

130 2268 269 2341 tompore
288 2260 379 2342 legali
400 2280 440 2325 ex
461 2270 567 2325 uuslro
595 2262 698 2324 ordine
722 2264 789 2343 imp.
812 2262 949 2326 (laesere.
993 2261 1178 2342 Augustum,
1207 2270 1321 2343 patrem

130 2348 254 2429 patriae,
275 2347 634 2427 pontificencruaxiurum,
657 2349 831 2412 tribuniciae
852 2350 1007 2430 potestatis
1029 2349 1121 2426 Art,
1143 2349 1249 2412 adeant
1263 2366 1321 2430 pe-

130 2441 255 2514 terrluue
277 2435 314 2495 ab
326 2452 385 2512 ec,
406 2435 450 2497 uti
471 2435 585 2499 caicus
606 2435 781 2499 iulieneibus
803 2437 937 2500 columae
952 2436 1144 2516 ubsaqoentis
1158 2435 1249 2501 tuliae
1270 2435 1322 2500 Fi-

130 2539 224 2586 sanae
246 2539 287 2585 ax
308 2521 366 2585 hoc
388 2521 511 2585 donato
533 2541 570 2585 ea
592 2518 710 2606 univ]
735 2523 836 2587 iacere
858 2523 1043 2605 exsequiquc
1063 2523 1219 2604 permittat.

708 2644 732 2709 F

318 2744 495 2833 [scribendo
518 2744 690 2835 ad]iuer.⁰)
721 2752 755 2824 0.
778 2748 926 2819 Serlurius
955 2751 989 2826 Q.
1012 2750 1043 2814 F.
1065 2747 1170 2817 Atilius
1192 2747 1321 2831 Tacitus,

128 2836 160 2899 T.
183 2836 319 2900 Rasinius
340 2837 373 2898 Ι..
396 2837 427 2899 F.
449 2836 567 2917 Bassus,
589 2837 622 2900 I..
645 2837 775 2919 Lappius
797 2838 827 2899 Ρ.
850 2838 881 2900 F.
905 2837 1033 2915 Thallus,
1057 2834 1091 2912 0.
1114 2837 1262 2902 Sertorius
1285 2838 1320 2913 Q.

127 2924 161 2986 F.
184 2923 288 3003 Alpius
309 2924 386 3001 Pica,
409 2920 441 2986 C.
465 2925 589 3001 Vettius,
611 2925 644 2987 L.
671 2925 702 2988 F.
725 2924 859 3004 Vircula,
889 2924 927 2987 Μ.
946 2924 1054 2989 Hortus
1076 2924 1116 2989 Μ.
1137 2925 1169 2988 F.
1192 2924 1320 3002 Priscae,

129 3008 169 3073 A.
193 3008 298 3091 Albius
319 3010 357 3073 A.
379 3010 411 3073 F.
436 3009 532 3091 Galia,
554 3012 599 3074 Ti.
620 3010 775 3075 Petronius
799 3008 843 3074 Ti.
869 3008 901 3073 F.
924 3010 1028 3091 Pollio,
1048 3011 1082 3074 L.
1105 3011 1212 3077 Fabius
1233 3011 1266 3074 1..
1288 3012 1320 3075 F.

127 3096 251 3175 Bassus,
274 3097 344 3161 Sex.
367 3099 502 3179 Aponius
525 3099 594 3162 Sex.
617 3098 649 3161 F.
673 3098 817 3176 Creticus,
841 3096 872 3159 C.
897 3096 1003 3165 Canius
1026 3097 1056 3160 C.
1079 3098 1111 3161 F.
1135 3097 1319 3175 Saluruinus,

128 3180 163 3245 L.
195 3183 333 3247 Otacilius
363 3184 397 3258 0.
421 3184 451 3246 F.
479 3185 622 3247 Panthera
631 3205 641 3260 ;
671 3184 752 3266 quud
774 3183 894 3263 adsunt,
924 3203 990 3249 euru
1021 3185 1051 3247 in
1073 3183 1189 3248 colonia
1218 3190 1320 3251 nusba

127 3277 253 3353 propter
289 3272 495 3335 contentiones
526 3271 745 3337 candidatorum
775 3272 965 3355 magistratus
994 3290 1055 3337 non
1077 3277 1197 3352 essent,
1226 3277 1257 3335 et
1283 3289 1320 3339 ea

128 3364 195 3423 acta
216 3366 329 3437 essent,
353 3376 429 3439 quae
451 3356 528 3422 inira
550 3358 659 3441 scripta
682 3365 759 3423 suut.

235 3462 309 3527 Cum
330 3461 367 3527 A.
388 3463 423 3526 Ι).
446 3460 495 3526 issi
517 3481 611 3531 nonu
632 3463 750 3547 Apriles
771 3460 875 3530 elutus
897 3471 980 3535 essct
1001 3464 1131 3555 nuntius,
1153 3462 1183 3528 G.
1207 3464 1319 3533 Caen-

130 3616 431 3635 W—-..-...„---

164 3698 171 3715 '
235 3706 263 3775 1)
281 3709 344 3762 Pro:
371 3710 569 3780 adipiscendique
595 3711 678 3762 omniu
704 3710 820 3778 exempla
845 3710 912 3762 daut.
938 3735 969 3745 -
995 3707 1025 3775 2]
1043 3709 1103 3764 Post
1123 3707 1154 3763 A.
1173 3708 1203 3761 b.
1228 3708 1319 3765 lacuna

128 3788 170 3832 est
186 3780 326 3848 scripturae
344 3797 419 3849 quarn
437 3782 510 3833 Naris
536 3784 568 3833 iia
586 3781 713 3848 supplevit
737 3789 765 3832 ut
786 3777 921 3832 scriberet:
949 3779 979 3830 Α,
998 3779 1028 3831 D.
1046 3780 1092 3831 xli
1109 3778 1145 3830 K.
1163 3778 1229 3845 Sept
1268 3778 1320 3829 Sed

128 3850 220 3904 Genius
241 3860 437 3915 commemorat,
464 3854 490 3903 in
519 3853 613 3903 ueteris
634 3850 777 3902 Calendarii
803 3851 947 3914 Fragmenta
976 3850 1119 3911 Antistiae,
1149 3848 1218 3916 quod
1241 3845 1319 3899 Bian-

129 3920 229 3972 chiuius
252 3923 277 3971 in
295 3919 422 3973 Anastasii
445 3916 513 3979 liitis¹¹
529 3921 677 3973 Pontificum
696 3919 775 3972 edidit
798 3918 868 3971 Turn.
886 3919 917 3973 ΙΙ.
941 3935 966 3985 p.
985 3919 1044 3971 221.
1061 3918 1120 3971 xil}
1137 3916 1167 3969 lt.
1187 3916 1257 3985 Sept.
1275 3932 1319 3971 as·

127 3990 343 4111 dalilis
367 3988 533 4113 ιἐἓὲωὲἷ·
550 3988 781 4111 ¹⁶⁶⁰¹e⁰³li¹¹di¹¹²
805 3986 1318 4109 &stultitiis“iiiut-titi

240 4074 272 4111 o.
316 4099 371 4111 ..
448 4097 454 4111 .
518 4077 604 4112 eruens
648 4074 804 4109 urrnnue
856 4074 902 4109 cer
945 4074 969 4107 nr
1038 4074 1053 4108 a
1089 4074 1128 4109 re
1158 4075 1165 4106 ι
1243 4074 1276 4108 rr

128 4125 256 4192 (visconti
279 4077 391 4183 liourTm.
415 4127 502 4180 Gabia.
521 4129 568 4180 Ed.
586 4128 674 4181 Labus.
696 4127 792 4178 Preiuz.
811 4143 835 4194 p.
853 4124 909 4187 lii.)
933 4126 1068 4194 legendum
1093 4126 1190 4178 censuit
1205 4123 1244 4189 (iu
1262 4125 1318 4178 bie·

127 4197 330 4250 medellarum.
355 4199 376 4261 i,
393 4199 420 4250 4.
437 4216 462 4266 p.
482 4200 557 4261 aaut:
580 4199 611 4249 A.
630 4199 659 4250 b.
678 4198 735 4248 Xlll
752 4197 780 4249 lt.
799 4195 854 4248 Oet.
878 4193 947 4259 (Quo
966 4194 1159 4248 dichemue
1182 4191 1318 4257 discessit).

126 4267 257 4336 Tanquam
274 4270 301 4319 in
318 4284 346 4320 re
370 4272 465 4323 ineerta
483 4268 598 4321 lacunam
616 4268 770 4335 reliquimus.
788 4290 822 4299 -
840 4263 869 4329 3)
888 4264 995 4317 Tabula:
1012 4272 1070 4333 puta
1137 4281 1220 4333 eoque.
1240 4289 1270 4299 -
1285 4262 1318 4329 4)

127 4335 240 4388 Tabula:
258 4338 309 4389 ei..
335 4364 366 4372 -
392 4334 421 4401 5)
438 4338 505 4388 amia
522 4336 624 4388 exbibet
641 4336 741 4397 tubula3
764 4345 792 4386 ut
808 4335 884 4400 paulo
905 4336 1020 4401 superius
1046 4333 1151 4387 &aare
1167 4350 1229 4403 pro:
1252 4332 1318 4386 θοο-

126 4422 228 4467 sarem,
245 4415 272 4457 et
288 4407 430 4475 obsequenti.
456 4432 489 4443 -
507 4403 536 4470 d)
555 4406 666 4458 Norisiue
684 4407 790 4472 primum
808 4419 909 4456 versum
927 4407 1053 4470 integrum
1070 4404 1185 4456 exbibet:
1209 4401 1271 4453 Pisis
1286 4402 1317 4453 in

126 4475 250 4541 Aspasiae
266 4476 338 4529 scrib.
361 4477 473 4542 adfuar„
498 4491 606 4543 eumque
629 4478 742 4544 sequitur
765 4471 891 4525 Haubold.
927 4472 977 4524 Sed
1001 4472 1088 4525 Gorius
1111 4475 1209 4541 primae
1232 4472 1316 4523 lineae

126 4554 226 4597 tanturn
244 4544 329 4614 aliqua
346 4548 454 4612 vespa
470 4560 623 4613 suppuratae
640 4552 782 4606 sueveras
800 4551 934 4609 newarca
950 4541 982 4597 ab
1000 4545 1051 4595 imo
1065 4543 1099 4597 ed
1110 4557 1234 4595 summum
1245 4556 1316 4594 mar-
1334 4581 1337 4587 .

126 4629 185 4669 mer
202 4618 230 4668 in
247 4613 309 4669 duae
325 4623 411 4683 partes
428 4616 533 4671 scissum
551 4630 623 4680 esse,
641 4615 668 4667 in
685 4630 768 4683 euque
784 4612 854 4669 hiatu
871 4611 957 4667 literas
974 4612 1083 4667 haustae

1086 4696 1161 4769 24³*
