3106 5122
274 504 276 509 ι
339 432 364 496 §.
382 430 405 484 5.
441 430 715 500 secessissentque
733 433 921 499 menstruum
938 444 1106 484 manorum.
1254 426 1320 497 333

291 634 320 694 s.
342 627 367 684 ⁵.
411 626 514 685 Edicta
536 636 563 686 ct
583 630 722 702 rescripta
742 628 957 702 mopistrotaam
979 643 1164 685 romanoram.

239 781 330 840 1714.
374 781 508 862 Exempl.
532 782 673 864 epistulae
696 781 792 855 Quieti
816 782 941 862 scriptae
963 780 999 844 ad
1022 782 1198 863 Hesperum.

238 866 309 929 Gom
331 869 442 931 variam
465 886 534 932 esse
557 869 706 933 clerorum
728 886 896 931 mensuram
916 870 1107 949 cognoverim
1130 876 1160 930 et
1181 867 1324 931 sacratis·-

130 954 226 1017 simns
249 954 317 1034 lmp.
346 955 563 1018 constitutionis
592 974 665 1019 sune
693 973 783 1018 causa
805 972 903 1036 neqne
933 956 1051 1017 maximi
1079 972 1176 1035 neque
1204 955 1322 1017 maximi

130 1058 302 1104 mensuram
325 1041 391 1103 iniri
413 1043 534 1104 iusserit
557 1043 586 1104 in
610 1062 644 1106 ea
668 1045 808 1123 repiooe,
838 1061 914 1124 quae
944 1042 1006 1104 lovi
1028 1041 1199 1104 dezanitico
1224 1040 1319 1104 dicata

130 1125 254 1190 dicitnr:
277 1135 317 1205 ta,
339 1130 380 1189 mi
401 1128 516 1210 Hesper
537 1130 698 1207 entissime,
721 1129 872 1211 explores,
896 1146 972 1209 qnae
993 1130 1121 1190 maximi
1143 1128 1215 1190 cieri
1230 1146 1319 1191 men·

130 1232 220 1289 sura,
251 1232 328 1296 quae
350 1215 459 1277 minimi
480 1216 509 1276 in
536 1216 599 1297 ipsa
622 1218 747 1297 regione
776 1218 814 1278 sit
842 1215 1048 1279 1111111111
1068 1214 1136 1277 mihi
1156 1214 1257 1278 iacias.
1281 1250 1320 1262 -

131 1304 233 1363 'l'exier
256 1305 424 1378 Desonption
447 1307 482 1362 de
504 1304 587 1362 l'Asie
611 1308 670 1365 min.
696 1308 756 1363 Vol.
776 1307 795 1363 i.
815 1325 840 1380 p.
863 1305 1090 1380 11101111
1116 1322 1141 1364 n.
1167 1303 1249 1361 171111
1272 1305 1320 1363 ln-

130 1391 265 1468 peretorie
287 1393 411 1449 11ιό11111
434 1392 547 1466 epistole
571 1394 604 1449 de
628 1394 722 1451 eedem
744 1410 782 1450 re.

241 1494 332 1553 1715.
376 1492 508 1573 Exempl.
532 1494 671 1575 epistulae
694 1493 861 1575 descriptae
884 1492 990 1568 Quieto
1014 1493 1050 1555 ab
1074 1493 1217 1576 Hespero.

239 1579 388 1653 Quaedam
411 1578 540 1662 negotia,
563 1581 695 1659 domine,
717 1599 776 1643 rrnn
799 1581 883 1643 aliter
906 1580 942 1643 ad
965 1581 1215 1644 consumationem
1246 1598 1319 1661 per-

131 1665 202 1730 duci
224 1673 365 1748 pnssant,
396 1685 483 1746 quam
509 1667 551 1728 uti
573 1676 693 1747 recepta
714 1686 772 1732 usu
801 1675 869 1730 sunt
897 1686 999 1731 eorum
1029 1668 1132 1749 pretia.
1166 1666 1230 1731 Hoc
1251 1685 1318 1729 cum

134 1840 216 1902 circa
238 1841 392 1923 regionem
422 1839 637 1921 Aezaniticam,
667 1841 732 1902 misi
754 1842 782 1903 in
813 1860 875 1903 rem
900 1847 1086 1922 praesentem
1110 1840 1220 1905 electos
1242 1859 1323 1925 geo-

132 1933 246 1991 melros
255 1973 334 1989 .....
357 1963 399 1973 ·-
422 1931 518 1988 'lexier
540 1931 590 2003 tt,
612 1951 637 2005 p.
664 1932 732 1988 105.
756 1932 796 1991 Gt.
818 1950 844 1988 1.
870 1931 960 1991 17116.

242 2034 332 2091 1716.
375 2030 548 2113 Exemplum
570 2034 713 2113 epistulae
736 2032 777 2095 Cl.
800 2032 910 2095 Paulini
933 2030 1005 2117 leg.
1020 2031 1098 2117 dog.
1114 2032 1160 2096 Pr.
1175 2032 1222 2096 Pr.
1238 2049 1321 2113 prox.

132 2116 301 2182 Britanniae
323 2116 359 2179 ad
382 2114 518 2181 Sennium
541 2118 695 2182 Sollenem.
726 2118 860 2201 Alarnpo.
911 2140 915 2149 ⁴

238 2205 319 2268 licet
340 2202 424 2287 plura
449 2208 572 2269 moronti
595 2208 660 2284 tibi,
683 2226 700 2269 a
723 2224 770 2268 me
794 2226 887 2287 pauca
910 2214 1017 2284 tamen,
1040 2208 1178 2287 quoniam
1200 2204 1322 2270 honoris

135 2310 226 2356 causa
250 2291 423 2370 offeruntur,
448 2292 534 2354 velim
556 2294 682 2374 accipias
705 2292 845 2355 lilrenter:
870 2293 1039 2357 chlamidem
1051 2296 1232 2372 canusinam,
1255 2291 1324 2361 dal.
1434 2362 1437 2367 ,

134 2380 268 2442 nauticam
290 2377 475 2457 laodicieum,
498 2379 614 2443 fibulam
630 2398 750 2445 auream
765 2399 830 2442 curn
846 2382 979 2462 gemmis,
1002 2399 1127 2444 racenas
1150 2379 1234 2459 duas,
1256 2387 1324 2443 tos·

135 2466 210 2533 siam
233 2466 298 2528 brit.
321 2465 427 2546 pellem
457 2466 505 2528 vit.
530 2468 632 2529 marini
661 2469 814 2531 semestris
844 2475 941 2529 autem
964 2466 1118 2548 epistulam
1147 2467 1197 2529 ubi
1226 2484 1322 2547 prope

138 2550 218 2615 diem
240 2571 346 2615 vacare
369 2553 505 2634 coeperis
535 2554 645 2617 mittam
675 2555 757 2617 cuius
787 2554 905 2617 militiae
927 2553 1065 2619 salarium
1094 2552 1132 2616 de
1155 2555 1208 2616 stis
1231 2552 1324 2615 XXV.

134 2639 170 2702 N.
193 2640 224 2701 in
246 2657 320 2704 auro
343 2641 471 2719 suscipe,
495 2640 539 2713 dis
570 2639 735 2703 laventibus
766 2647 796 2702 ct
825 2643 978 2704 rnaicstate
1008 2646 1099 2705 sarrct.
1142 2637 1323 2721 111111111-

137 2745 210 2808 ceps
233 2727 399 2807 prcmeritis
422 2726 595 2790 adiectionis
618 2727 711 2810 magis
734 2726 822 2808 digna
845 2735 1059 2791 consecuturus
1089 2725 1258 2790 concordia.
1281 2759 1324 2771 -

133 2817 165 2874 is
187 2818 244 2874 hesi
266 2834 412 2875 marmorea
435 2824 539 2874 statuae
560 2818 720 2874 honorarius
742 2817 832 2874 Sennii
854 2819 1001 2889 Solemnis,
1032 2817 1090 2874 sive
1112 2817 1138 2873 in
1163 2816 1219 2874 basi
1241 2817 1322 2873 Tori-

134 2903 254 2961 nieeenei
276 2897 329 2982 (de
350 2896 490 2980 Torigny)
514 2904 548 2960 de
570 2921 621 2977 qna
645 2903 677 2960 v,
697 2921 776 2977 supra
796 2921 820 2960 n.
843 2903 933 2959 1610.
955 2904 1045 2961 Secuti
1064 2920 1151 2960 sumus
1171 2903 1322 2978 exemplum

133 2990 410 3156 Edeffli)lnnterti
433 2984 591 3069 (llemoires
621 2991 668 3047 dns
692 2990 851 3063 antiquaires
874 2991 908 3047 de
929 2990 1097 3048 Normandie.
1145 2989 1234 3048 1833.
1257 2990 1277 3047 1.
1301 2990 1321 3048 1.

133 3094 161 3154 p.
249 3120 255 3134 .

243 3179 333 3238 1717.
376 3177 550 3260 Exemplum
565 3179 706 3259 epistolae
721 3174 827 3240 aladini
840 3178 943 3242 iuliani
964 3176 1109 3242 Praefecti
1126 3176 1265 3261 praetorii
1285 3174 1323 3241 ad

133 3265 256 3329 Badium
279 3263 511 3329 comninnumP
521 3312 596 3327 .....
618 3267 694 3328 rice.
739 3263 885 3328 Praesidio
907 3284 994 3348 agen.

242 3350 382 3415 dedinins
403 3351 541 3415 lulianias
563 3348 653 3415 Badio
676 3350 835 3415 Gomniano
857 3351 909 3415 sal.

238 3439 271 3500 ln
287 3440 436 3520 provincia
451 3438 627 3522 lugdunens.
671 3438 699 3501 S.
723 3440 852 3519 quinque
876 3438 999 3503 lascaliu
1022 3456 1089 3501 carn
1110 3455 1231 3520 agerem
1253 3435 1322 3519 pla·

134 3542 250 3607 rosque
272 3525 368 3589 bonos
392 3526 471 3588 viros
499 3526 657 3606 perspexi,
685 3527 837 3607 intorques
868 3526 1036 3589 Solemnem
1058 3527 1145 3588 istum
1168 3524 1324 3588 oriundum

135 3633 176 3678 ex
199 3613 317 3675 civitate
337 3612 440 3675 Viduo.
463 3610 663 3689 sacerdotem,
687 3631 774 3691 quem
797 3620 918 3693 propter
940 3620 1069 3692 sectam,
1098 3611 1271 3695 gravitatem
1293 3618 1324 3672 et

133 3701 280 3764 honestos
302 3717 401 3762 mores
422 3717 522 3762 amare
545 3700 639 3779 coepi.
684 3698 735 3760 llis
757 3699 886 3779 accedit,
909 3699 988 3779 quod
1011 3718 1075 3762 cum
1099 3696 1221 3760 Claudio
1243 3697 1323 3759 Pau-

134 3787 197 3851 lino
225 3785 376 3850 decessori
405 3804 471 3850 meo
501 3787 530 3848 in
552 3785 678 3848 concilio
706 3783 862 3847 Galliarum
890 3786 1027 3849 instinctu
1057 3803 1185 3865 quorum
1214 3784 1264 3863 qui
1286 3783 1323 3846 ab

136 3891 176 3937 eo
198 3880 321 3954 propter
341 3874 443 3936 merita
473 3890 526 3936 saa
555 3872 631 3935 laedi
655 3869 827 3933 emebantur
850 3872 934 3951 qnasi
957 3891 996 3934 cx
1018 3888 1167 3935 consensu
1190 3870 1321 3951 provinc.

135 3962 357 4025 emanationem
374 3961 527 4022 instituere
549 3965 707 4035 tentarant,
729 3957 883 4021 Sollemnis
904 3959 961 4020 iste
983 3975 1067 4020 meus
1089 3956 1241 4039 proposito
1264 3975 1324 4019 eo-

135 4066 205 4111 rum
218 4048 324 4110 restitit
339 4047 550 4129 provocatione
565 4045 678 4108 scilicet
694 4045 847 4107 interiecta
863 4044 941 4127 quod
957 4045 1049 4125 patria
1073 4045 1136 4106 eius
1159 4061 1225 4106 cum
1247 4044 1326 4105 inter

136 4142 254 4198 ceterm
276 4133 404 4215 legatum
427 4151 494 4196 eum
517 4140 649 4195 creasset
672 4131 740 4193 nihil
768 4131 806 4193 dc
823 4132 1012 4195 accusatione
1031 4130 1219 4193 mandassent
1235 4130 1324 4193 immo

137 4227 242 4285 contra
264 4219 441 4284 laudassent.
486 4219 550 4292 Qua
571 4220 684 4281 ratione
707 4217 846 4280 ellectum
868 4226 931 4296 est,
959 4225 992 4281 ut
1013 4235 1117 4280 amnes
1138 4217 1176 4279 ab
1197 4234 1325 4280 accusa-

136 4309 219 4370 tione
242 4306 426 4370 desisterent.
461 4306 554 4379 0111
576 4307 669 4385 magis
688 4305 841 4385 magisque
856 4311 998 4366 emarcet
1017 4307 1211 4386 comprobare
1227 4304 1324 4383 coepi,

137 4396 164 4458 is
187 4399 288 4457 cenes
310 4394 433 4458 honoris
455 4393 514 4454 mei
536 4408 610 4475 erga
632 4410 698 4453 cam
727 4390 764 4453 ad
793 4390 951 4454 videndum
980 4409 1027 4453 me
1049 4390 1079 4452 in
1108 4390 1212 4454 arbem
1234 4390 1323 4452 venit.

137 4480 334 4561 Proicisqens
356 4480 445 4563 petit,
474 4486 507 4543 ut
539 4495 606 4541 eum
626 4477 667 4541 ibi
690 4475 935 4542 commendarem.
979 4477 1071 4541 Recte
1093 4478 1193 4558 itaque
1213 4474 1324 4539 leceris

137 4564 336 4633 sidesiderin
357 4567 434 4633 illius
460 4564 600 4632 adnueris
637 4564 785 4631 1111-
820 4568 851 4627 ln
879 4567 960 4628 tertio
989 4569 1075 4628 latere
1104 4566 1224 4628 eiusdem
1252 4565 1324 4624 bnis
1394 4566 1399 4573 '
