3080 5112
512 447 605 511 ‘so
640 448 921 519 maneum·
1260 443 1329 513 aot

135 599 199 687 (α
218 604 329 666 ΝΜ
348 607 440 669 Jahrb.
461 608 538 669 una.
550 608 608 667 XV.
623 628 649 684 p.
665 602 758 689 tte.)
783 616 811 669 st
832 609 961 685 dctttap
981 612 1037 671 lor
1059 608 1094 671 ds
1114 607 1220 684 acribia,
1240 624 1326 685 pras·

134 695 518 768 muneratorium
543 694 633 753 1844.
657 697 684 753 4.
707 744 719 773 ,
994 706 1001 713 ·

449 812 694 897 ....Priucipium
717 812 771 878 lull
792 832 848 897 pro
869 816 1015 883 tribu...

243 916 278 990 Q.
303 906 407 998 urb.¹]
431 916 500 997 quei
523 917 668 981 aerarium
690 918 870 1001 prouinciam
892 919 1049 999 optinebit,
1072 936 1136 983 eunt
1159 916 1328 983 mercedem

134 1000 274 1079 delecto,
297 1009 495 1083 quaestorque
519 1005 588 1085 quei
619 1006 765 1068 aerarium
788 1006 968 1086 provinciam
991 1006 1148 1088 optinebit,
1179 1022 1245 1069 cam
1266 1012 1327 1088 pe-

134 1084 300 1173 11υηίαωῖ)
324 1089 351 1151 ei
373 1089 490 1152 scribae
512 1090 694 1173 scribeisquc
717 1090 857 1154 herediue
881 1092 946 1154 eius
969 1093 1086 1172 solvito,
1107 1091 1196 1172 idque
1215 1093 1243 1154 ei
1261 1092 1330 1156 sine

133 1175 242 1239 fraude
265 1194 318 1239 sua
341 1175 440 1239 lacere
462 1174 560 1249 liceto,
583 1177 662 1258 quod
685 1179 750 1241 sine
772 1179 848 1241 malo
871 1178 1011 1260 pequlalu
1026 1179 1084 1255 snat,
1107 1178 1253 1259 ollcisque
1267 1176 1327 1241 bo-

135 1263 266 1326 minibus
288 1280 352 1325 eam
375 1263 527 1343 pecuniam
550 1281 659 1345 capere
680 1263 778 1328 liceto.
847 1304 854 1327 t
1080 1334 1085 1344 ¹

241 1347 309 1412 Cos.
330 1348 399 1430 quei
422 1366 499 1411 nunc
527 1357 611 1427 sunt,
641 1350 680 1413 ici
702 1359 770 1413 ante
793 1350 819 1413 ls.
844 1348 1067 1435 decembreisl)
1089 1352 1197 1436 primm
1220 1351 1258 1416 de
1281 1352 1329 1416 eis

136 1436 206 1518 quei
229 1435 312 1499 cives
334 1437 465 1499 romanet
487 1443 564 1515 sunt,
588 1438 729 1500 viatorem
750 1456 839 1501 unum
860 1440 993 1523 legunto,
1015 1438 1083 1520 quei
1105 1440 1135 1503 in
1154 1458 1190 1502 ea
1207 1437 1329 1503 decuria

135 1524 234 1585 uiator
255 1528 403 1605 appareat,
426 1539 511 1603 quam
535 1520 683 1586 decuriam
706 1526 850 1587 viatorum
866 1544 905 1587 ex
921 1526 1023 1589 noneis
1040 1524 1246 1588 decenbnbns
1261 1526 1329 1606 prl-

136 1610 212 1672 meis
242 1609 449 1690 quaestoribus
478 1607 515 1671 ad
536 1611 682 1672 aerarium
710 1628 855 1693 apparere
885 1619 1003 1692 oportet
1024 1612 1181 1693 nporlebit.
1225 1610 1328 1675 Eidem

137 1715 200 1760 cos.
224 1702 293 1758 ante
314 1694 344 1757 k.
367 1693 514 1758 decembr.
537 1696 646 1779 primas
668 1695 706 1758 de
729 1698 772 1759 eis
795 1698 863 1778 quei
886 1699 967 1761 cives
989 1698 1119 1762 romanet
1135 1704 1213 1777 sunt,
1235 1714 1330 1780 prae-

136 1800 245 1846 conem
275 1799 364 1845 unum
394 1781 534 1864 legunto,
565 1785 633 1865 quei
655 1784 692 1844 in'
708 1801 742 1846 ea
772 1783 891 1848 decuria
921 1803 1030 1866 praeco
1053 1791 1209 1868 appareat,
1238 1800 1328 1867 quam

138 1869 289 1933 decuriam
320 1885 501 1950 praeconum
530 1887 568 1931 ex
598 1871 702 1933 noneis
732 1869 939 1933 decembribus
972 1872 1091 1953 primeis
1120 1871 1330 1953 quaestoribus

137 1956 175 2021 ad
196 1957 344 2020 semrinm
366 1973 510 2037 apparere
532 1960 649 2036 oportet
672 1958 827 2037 oportebit
866 1955 978 2020 Deinde
1001 1957 1096 2021 eidem
1120 1956 1232 2021 consul.
1256 1964 1327 2021 ante

137 2042 164 2106 lt.
195 2042 382 2105 decembreis
412 2043 520 2123 primas
550 2044 694 2106 viatorem
725 2061 812 2106 unum
841 2043 981 2127 legunto,
1010 2046 1078 2126 quei
1100 2046 1129 2107 in
1151 2063 1187 2108 ea
1208 2043 1330 2108 decuria

137 2131 236 2193 ubter
261 2135 418 2210 appareat,
449 2148 535 2211 quam
565 2129 712 2192 decuriam
744 2131 890 2193 uictorum
921 2150 960 2192 ex
988 2132 1093 2195 noneis
1123 2130 1336 2195 decembribus

136 2215 295 2281 secundels
318 2217 526 2297 quaestoribus
548 2215 585 2278 ad
607 2218 754 2279 aerarium
776 2235 920 2298 apparere
943 2224 1062 2300 oportet
1083 2218 1247 2301 oportebit;
1278 2219 1329 2282 ei·'

138 2302 266 2384 demque
288 2320 352 2366 cus.
375 2308 444 2365 ante
466 2302 492 2363 lr.
516 2300 701 2366 decembreis
732 2304 839 2385 primas
868 2322 1046 2385 praeconem
1076 2323 1165 2367 unum
1194 2306 1328 2389 legunto,

138 2392 188 2471 qul
210 2391 240 2451 in
263 2406 300 2451 ea
323 2387 443 2451 decuria
464 2406 574 2469 praeco
605 2397 761 2470 appareat,
791 2408 876 2471 quarn
905 2390 1055 2453 decuriam
1084 2408 1265 2473 praeconum
1288 2411 1330 2454 ex

138 2476 245 2541 noscis
275 2474 481 2538 decembribus
514 2475 674 2539 secundeis
702 2477 909 2556 quaestoribus
939 2478 976 2539 ad
1006 2478 1150 2541 amanum
1184 2494 1330 2560 apparere

137 2567 261 2645 oportet
283 2561 439 2643 oportebit.
462 2560 576 2624 Deinde
598 2559 694 2624 eidem
717 2581 779 2626 cos.
802 2570 870 2626 ante
892 2563 920 2625 la.
937 2561 1122 2627 decembreis
1136 2565 1246 2646 primm
1260 2563 1329 2627 via·

139 2656 233 2712 torem
257 2664 348 2711 unum
370 2646 508 2731 legunto,
531 2648 600 2729 quei
622 2651 650 2710 in
673 2667 708 2711 ea
731 2649 852 2712 decuria
874 2651 968 2712 uiator
990 2658 1139 2734 appareat,
1161 2667 1248 2732 mam
1270 2649 1330 2714 de-

138 2737 249 2800 curiam
273 2736 417 2798 viatorum
440 2753 480 2796 ex
501 2735 605 2798 noneis
628 2734 834 2799 decembribus
856 2737 971 2800 tertleis
992 2737 1198 2818 quaestoribus
1220 2733 1257 2799 ad
1272 2754 1329 2799 ae·

137 2825 249 2886 rariuur
265 2839 412 2904 apparere
427 2827 546 2902 oportet
560 2822 724 2904 oportebit;
746 2821 902 2903 eidemque
925 2841 987 2887 ons.
1011 2831 1080 2886 ante
1099 2823 1126 2886 lr.
1141 2823 1329 2887 decembrois

139 2911 249 2992 prims
277 2925 457 2990 praeconem
486 2926 575 2971 unum
598 2908 737 2992 legunto,
760 2911 829 2989 quei
850 2913 881 2975 in
903 2926 938 2971 ea
961 2909 1082 2975 decuria
1102 2927 1211 2992 praeco
1231 2928 1330 2993 appa·

138 3002 215 3073 rost,
238 3012 324 3075 quara
348 2993 496 3059 decuriam
516 3012 695 3075 praeconum
710 3013 749 3057 ex
765 2998 869 3058 noneis
883 2996 1091 3060 decembribus
1105 2997 1217 3063 tertiais
1231 3013 1330 3079 quae-

138 3082 269 3146 storibus
298 3081 335 3144 ad
368 3082 514 3145 aerarium
543 3098 686 3163 apparere
716 3088 833 3162 oportet
862 3083 1026 3162 oportebit;
1054 3100 1168 3164 eosque
1198 3085 1330 3148 viatores

139 3187 254 3249 cosque
283 3169 457 3250 praecuneis
488 3169 618 3246 omneis,
653 3185 729 3249 quos
759 3186 797 3229 eo
827 3167 932 3231 ordine
961 3167 1068 3251 dignos
1102 3168 1329 3246 arbitrabuntur,

139 3256 271 3339 legunto.
317 3253 410 3329 Quam
440 3256 468 3316 in
499 3256 622 3336 quisque
652 3253 800 3317 decuriam
831 3256 869 3321 ita
900 3254 995 3317 viator
1024 3255 1119 3319 tectus
1149 3256 1223 3335 erit,
1252 3256 1330 3323 is‘u

140 3361 173 3405 ea
197 3340 319 3404 decuria
341 3342 437 3403 uiator
458 3348 524 3404 esto
546 3342 615 3403 uem
638 3342 697 3403 atei
720 3342 813 3403 ceteri
835 3344 899 3404 eins
922 3341 1060 3405 decuriae
1083 3343 1213 3406 uiatores
1228 3337 1329 3423 crnntp

140 3446 289 3512 quamque
311 3429 340 3490 iu
362 3428 487 3509 quisque
510 3428 659 3490 decuriam
681 3430 719 3489 ita
742 3445 851 3508 praeco
872 3426 967 3491 lectus
983 3429 1049 3506 erit,
1070 3432 1097 3492 ls
1112 3429 1142 3492 in
1156 3446 1192 3492 aa
1207 3428 1330 3493 decuria

140 3534 250 3598 praeco
272 3520 339 3578 esto
361 3515 400 3577 ita
421 3515 480 3579 ulei
502 3516 595 3577 ceteri
618 3515 681 3577 eius
704 3513 844 3578 decuriae
866 3532 1030 3595 praecones
1053 3522 1158 3593 erunt,
1185 3515 1330 3597 siremps-

141 3621 198 3685 que
220 3602 267 3667 eis
288 3601 466 3679 emtoribus,
496 3601 596 3682 deque
617 3601 665 3681 cip
692 3601 851 3665 uiatoribus
873 3620 902 3683 q.
911 3597 943 3684 ⁴)
973 3602 1105 3667 omnium
1133 3620 1232 3667 rerum
1260 3601 1330 3669 inas

141 3689 248 3770 lexque
262 3694 339 3766 esto,
362 3688 465 3769 quasei
480 3688 526 3750 sei
548 3689 577 3749 ei
600 3688 728 3775 viatores
750 3689 779 3749 in
802 3706 868 3753 eam
890 3687 1041 3752 decuriam
1061 3690 1091 3753 in
1115 3689 1207 3755 tribus
1230 3688 1330 3752 ubtu-

141 3777 222 3839 ribus
243 3781 330 3838 antca
351 3772 439 3837 lectei
459 3774 603 3838 sublactei
625 3780 736 3837 essem.
782 3775 876 3849 Quam
897 3775 927 3838 in
950 3776 1075 3856 quisque
1097 3772 1248 3838 decuriam
1269 3792 1329 3838 eo-

141 3882 204 3926 rum
227 3881 268 3927 ex
289 3861 344 3925 bac
366 3861 433 3942 tege
456 3862 551 3924 viator
573 3860 668 3924 lectus
691 3861 963 3942 erit,‘sirempsque
985 3862 1250 3945 eismeconibus,
1272 3859 1330 3924 de-

143 3967 199 4029 que
213 3950 258 4012 eis
273 3948 470 4028 praeconibus
487 3948 638 4029 quaestori
660 3948 791 4013 omnium
811 3966 912 4011 rerum
934 3949 1002 4012 inus
1024 3946 1134 4030 lexque
1149 3953 1226 4026 esto,
1249 3965 1329 4029 qua-

142 4037 186 4099 sei
205 4036 250 4098 sei
273 4035 301 4097 ei
331 4051 496 4115 praecones
518 4035 548 4097 in
571 4051 636 4097 eam
666 4033 814 4097 decuriam
837 4035 866 4097 ia
896 4035 989 4101 tribus
1018 4034 1212 4117 praeconibus
1242 4040 1330 4097 autea

141 4123 231 4189 lectai
249 4119 394 4185 sublactei
416 4128 528 4198 essent,
549 4139 636 4203 quam
657 4122 689 4184 in
709 4122 837 4203 quisque
851 4119 1002 4199 decuriam
1017 4136 1123 4187 eorum
1138 4138 1177 4185 cs
1191 4121 1246 4185 bae
1260 4120 1330 4204 lego

142 4227 250 4291 praeco
273 4209 368 4271 lectus
391 4208 456 4270 erit.
957 4250 972 4281 ,

244 4294 476 4375 Quosquomque
499 4300 675 4374 quaestores
698 4311 738 4355 ex
756 4294 825 4378 lege
842 4293 977 4375 plebeiue
993 4295 1068 4359 scito
1083 4295 1211 4359 matures
1224 4292 1330 4377 legero

247 4517 274 4586 l)
293 4530 412 4591 potestur
430 4520 548 4575 urbanus.
568 4547 597 4556 -
617 4517 647 4586 2)
664 4521 802 4590 pamniam.
820 4519 906 4588 sipon
927 4549 957 4558 -
980 4520 1009 4588 3)
1026 4520 1173 4579 Ducuntur.
1190 4518 1278 4590 sigan,
1293 4543 1329 4561 .-

144 4588 172 4658 4)
189 4592 349 4679 qugesterils.
368 4591 485 4659 Sigonius
503 4584 584 4642 nub:
596 4591 754 4661 nooman.
771 4591 887 4645 maim.
1159 4650 1162 4655 ,
