3106 5122
155 2255 163 2300 l

560 412 640 471 lusur-
657 412 788 481 uuluae.
824 411 885 482 cap.
903 412 936 467 lu
968 412 1086 473 usaue.

1234 524 1250 563 r

375 607 512 662 Seuatnr
530 606 713 659 consultatu
732 604 771 659 da
788 605 998 675 philosoplis
1015 614 1046 659 ει
1063 603 1269 658 rhetoribus.

334 750 425 815 9998.
467 751 649 813 &nutarunt
677 749 821 809 Suetonius
851 750 891 808 ba
920 749 997 806 clrc'u
1025 749 1129 806 rhetor.
1160 766 1183 805 c.
1209 747 1235 805 1.
1257 754 1287 805 rt
1315 746 1415 805 ostiu

228 840 305 901 tora
326 840 380 897 Au.
401 838 462 909 XV,
487 837 535 895 ll.
573 837 601 899 la
624 836 814 895 auderdunenn
839 836 968 895 eiusnodi
997 842 1225 895 monumentorum
1254 841 1418 909 rsoepam

227 927 307 1073 faui-Y,
328 925 453 1086 ffimp.
469 923 717 1068 a1d55Augantiuaur,
746 923 869 983 lluubuld
897 924 1013 989 flouunu.
1042 924 1096 995 ¹⁸8·
1125 940 1153 997 p·
1177 923 1205 979 8.
1237 921 1331 995 lippus
1357 922 1416 979 but.

330 1127 360 1192 d.
376 1129 487 1192 Fannio
503 1127 657 1209 Strabone,
678 1126 717 1190 bl.
734 1086 1007 1195 Valerio-blessalla
1018 1123 1193 1192 Consulibus
1207 1122 1246 1213 ¹),
1268 1124 1307 1190 ld.
1321 1124 1416 1190 Pour-

226 1217 335 1300 ponius
354 1216 477 1278 Praetor
497 1222 631 1283 uenatum
654 1215 809 1279 consuluit.

331 1319 417 1394 Quod
440 1320 531 1382 verba
553 1318 629 1384 lactu
651 1324 722 1381 sunt
744 1317 782 1380 de
803 1318 982 1400 pbilosophis
1004 1326 1035 1382 et
1057 1317 1094 1381 de
1116 1318 1295 1396 rhetoribus,
1317 1315 1356 1381 de
1377 1337 1418 1383 eu

228 1426 263 1472 re
291 1408 331 1471 itu
360 1412 553 1469 censuerunt:
583 1413 614 1469 ut
642 1405 680 1469 ut.
710 1404 888 1486 Pomponius
914 1405 1037 1471 Praetor
1065 1404 1327 1483 animadverteret,
1355 1424 1417 1469 cu-

227 1501 390 1587 rerutque,
413 1494 455 1558 uti
477 1495 505 1557 ei
527 1511 545 1556 e
568 1491 740 1575 republica
769 1491 886 1574 fideque
914 1510 968 1557 sua
1000 1491 1152 1557 videretur
1178 1499 1209 1556 ut
1238 1490 1349 1557 Romae
1373 1508 1417 1557 ue

228 1589 338 1645 essent.

480 1771 621 1827 Senatus
639 1771 823 1825 consultum
841 1770 879 1824 de
897 1769 1004 1824 hastis
1022 1769 1165 1823 Martiis.

335 1913 426 1971 1699.
469 1915 517 1972 Εει
539 1917 608 1989 apud
631 1914 740 1971 Gellium
760 1914 838 1971 lloct.
861 1914 915 1972 Att.
938 1912 985 1985 1v,
1009 1912 1038 1971 6.
1060 1911 1104 1985 qui
1117 1911 1195 1993 'banc
1216 1919 1322 1970 senatun
1343 1928 1415 1971 coo·

231 2000 293 2059 sulti
315 2000 429 2058 nutanti
451 2001 619 2059 beredenam
641 2000 721 2058 luisse
744 2007 847 2059 sanat:
872 2000 925 2074 „Ut
947 2005 1044 2057 terrum
1067 1998 1182 2057 moriare
1205 1999 1417 2072 nuntiantium,

230 2102 316 2159 eaque
338 2103 381 2144 res
405 2094 579 2163 procurntur,
608 2088 646 2144 ita
667 2086 694 2143 in
716 2088 852 2145 ueteribus
882 2085 1013 2144 memorius
1036 2085 1314 2160 insipientioribus,
1342 2104 1415 2145 uun-

230 2175 328 2232 ciatnuu
349 2190 411 2231 esse
438 2174 551 2246 senatui,
571 2173 598 2230 in
620 2173 736 2230 senario
758 2173 785 2230 in
807 2172 883 2245 regia
907 2175 996 2230 bartns
1018 2171 1123 2230 bertius
1146 2172 1268 2231 moriare.
1289 2174 1352 2231 mur
1374 2174 1417 2232 rei

221 2268 310 2317 'canu
332 2267 438 2318 senatus
460 2260 608 2318 consultant
630 2260 726 2317 butum
749 2266 791 2316 est
812 2260 844 2316 ll.
859 2258 987 2331 Antonio,
1009 2260 1040 2317 A.
1057 2260 1190 2317 Postumio
1206 2260 1282 2317 cons.
1304 2261 1416 2335 sinuque

230 2347 378 2422 exemplum
408 2346 461 2404 boe
491 2345 562 2404 ert‘*
598 2345 793 2418 Assiguuuduur
824 2352 865 2403 eat
894 2362 963 2404 anno
992 2364 1016 2403 u.
1040 2364 1063 2404 c.
1087 2346 1157 2404 bbd.
1187 2352 1249 2409 aute
1278 2348 1340 2405 Chr.
1363 2346 1416 2407 99.

225 2433 345 2491 sxttber
364 2434 458 2507 Egger
479 2435 533 2492 bat.
556 2448 633 2490 serm.
655 2434 731 2506 reliq.
754 2448 779 2508 p.
801 2427 874 2492 253.

334 2549 421 2624 ouod
443 2549 473 2613 C.
495 2550 584 2614 tulius
614 2549 647 2615 b
669 2549 701 2614 p,
724 2548 862 2614 Pontifex
891 2536 1062 2630 nuntiavit,'
1077 2551 1107 2614 in
1128 2551 1258 2617 sacrario
1280 2548 1310 2614 in
1331 2551 1418 2634 repis

228 2632 327 2703 husius
356 2637 475 2703 blartius
504 2637 652 2713 movisse,
680 2636 718 2700 de
740 2655 777 2701 ea
798 2655 832 2699 re
855 2636 894 2700 ita
916 2645 1115 2717 censuerunt,
1143 2639 1185 2701 uti
1207 2637 1246 2703 bl.
1269 2636 1418 2703 Antontnr

229 2723 339 2788 Cunsnd
366 2722 472 2789 hostiis
498 2723 659 2789 nabnbus
686 2720 748 2788 lovi
779 2730 809 2787 et
837 2723 924 2787 Marti
950 2731 1126 2806 procuraret
1153 2732 1185 2788 et
1211 2723 1319 2788 ceteris
1348 2724 1418 2806 diis,

228 2811 335 2890 quibus
356 2809 523 2889 uideretur,
549 2807 707 2892 placandis.
740 2809 808 2872 Utei
827 2816 1034 2892 procurasset,
1055 2812 1127 2875 satis
1150 2810 1316 2877 babendum
1337 2830 1418 2876 uou-

128 2928 133 2933 ’
226 2903 360 2963 suerunt.
395 2897 426 2964 Si
448 2896 517 2979 quid
538 2896 727 2962 succidaneis
749 2915 825 2979 opus
846 2904 945 2977 esset,
966 2897 1057 2963 robus
1080 2896 1266 2964 succederet.

582 3106 729 3170 Quattuor
745 3113 881 3159 renatus
898 3105 1058 3159 Decreta.

334 3248 425 3307 troo.
468 3249 541 3308 llueu
562 3256 678 3324 quatuor
705 3255 812 3308 senatu
834 3249 950 3309 boren
978 3248 1035 3307 rias
1057 3248 1227 3308 uotordater
1249 3264 1320 3307 anuo
1340 3264 1367 3307 r.
1389 3267 1417 3308 c.

229 3333 291 3391 703
314 3342 376 3399 aute
398 3335 459 3393 Cirr.
482 3337 523 3393 50
551 3336 713 3411 perscriptas
742 3336 944 3395 communicarit
971 3335 1078 3394 Coelius
1100 3337 1129 3395 iu
1148 3336 1261 3410 epistola
1283 3353 1342 3395 cun
1364 3336 1417 3395 Gi-

228 3437 327 3478 caruue
350 3413 450 3499 (Epist.
473 3422 506 3479 ud
529 3422 631 3479 [livero
653 3423 732 3493 vlit,
755 3415 801 3501 8).
841 3423 953 3481 Prinurr
983 3424 1122 3483 decretum
1150 3429 1192 3480 εει
1213 3423 1248 3481 du
1268 3422 1417 3497 purnes

228 3507 428 3580 consularibus3
449 3509 558 3565 alterum
581 3508 682 3580 ειειείι,
704 3526 738 3566 ue
760 3509 817 3582 quia
841 3526 934 3567 eorum
955 3511 999 3583 qni
1022 3515 1182 3584 potestatem
1205 3510 1303 3566 babent
1323 3509 1414 3566 iutur-

227 3593 360 3667 oedeudi,
390 3610 490 3651 nroruru
512 3594 624 3653 uiderant
645 3611 699 3670 quo
721 3594 804 3652 minna
827 3596 862 3653 de
884 3597 1040 3671 republica
1063 3596 1097 3654 ad
1120 3601 1240 3654 sanatum
1262 3594 1414 3666 relocatum

227 3680 334 3738 bertin
355 3686 396 3737 eat
417 3680 454 3737 de
474 3679 595 3738 auiAtibua
617 3681 644 3738 in
667 3682 787 3739 exerultu
810 3681 948 3749 Cameria
970 3689 1091 3756 parturn
1115 3683 1149 3739 de
1170 3680 1312 3758 producto
1326 3697 1413 3757 pras-

226 3766 311 3825 ton'ir.
342 3767 454 3842 naoepit
483 3767 576 3840 lippet
604 3768 659 3826 lat.
686 3785 764 3827 auru.
792 3767 868 3842 reliq.
889 3786 916 3843 p.
938 3767 1010 3827 289.
1032 3770 1077 3843 qui
1099 3785 1158 3827 auu
1180 3769 1216 3827 Le
1238 3768 1315 3825 clerc
1339 3760 1413 3846 (ltu

225 3853 362 3925 ionum
383 3854 435 3913 dea
453 3853 578 3913 Romulus
597 3873 627 3929 p.
648 3846 730 3932 208)
754 3872 789 3911 ex
813 3855 887 3914 Actis
909 3862 1016 3915 sanatus
1037 3856 1122 3930 petita
1142 3856 1295 3914 arbitretur.

329 3968 350 4032 l.
372 3968 401 4034 S.
425 3970 457 4034 0.
476 3972 643 4035 auctoritas.
666 3971 762 4035 Pridie
784 3972 842 4036 kal.
865 3972 970 4038 Octob.
991 3973 1023 4037 iu
1044 3971 1119 4036 uude
1141 3970 1295 4053 Apollinis
1316 3970 1411 4037 Scrib.

228 4053 375 4127 affuerunt
388 4054 421 4120 L.
436 4056 581 4123 Domitius
596 4057 650 4122 Gu.
663 4057 695 4121 F.
709 4056 779 4121 Feb.
794 4057 1021 4138 Ahenobarbus,
1043 4059 1078 4133 Q.
1090 4057 1233 4123 coecilius
1245 4058 1281 4133 0.
1297 4057 1330 4122 F.
1340 4057 1413 4122 Fab-

231 4141 367 4207 Metellus
388 4143 456 4207 Pius
478 4144 587 4226 Scipio,
608 4141 640 4206 L.
656 4143 758 4207 Villius
774 4144 808 4209 L.
831 4145 863 4208 p,
886 4146 965 4210 Pom.
987 4145 1122 4223 Annalis,
1142 4143 1174 4208 G.
1196 4144 1353 4226 Septimius
1376 4145 1415 4208 Τ.

228 4226 395 4307 ibuirina,
417 4229 449 4293 G.
464 4229 609 4294 Lucceius
632 4229 664 4294 O.
680 4230 711 4293 Ρ.
728 4230 797 4317 Pup.
819 4230 933 4312 liturus,
954 4231 987 4297 9.
1006 4231 1176 4297 Scribonius
1199 4229 1231 4294 9.
1253 4230 1324 4312 Pop.
1346 4229 1415 4293 Cu·

231 4315 287 4396 rio,
302 4314 337 4379 A.
349 4314 464 4383 Atteius
476 4316 509 4381 L.
519 4316 551 4381 Ρ.
575 4315 632 4382 An.
654 4314 766 4401 Capito,
786 4316 826 4383 lli.
840 4316 950 4402 Eppius
964 4318 1003 4384 ll.
1017 4318 1050 4384 ll.
1071 4317 1241 4386 Terentina
1263 4315 1350 4392 Quod
1370 4315 1414 4385 ll.

328 4553 357 4624 1)
374 4572 441 4613 nuno
457 4574 485 4619 u.
498 4574 524 4618 c.
540 4558 602 4621 593.
