3080 5112
525 470 549 539 t·
569 472 592 529 t.
624 470 905 545 temereternere.
967 486 971 493 ’
1242 466 1308 534 att

121 636 155 694 et
174 647 236 713 quo
258 628 308 694 die
336 630 487 695 locaturus
507 632 562 707 sit3
591 650 717 714 eamque
745 630 922 696 locationem
949 629 1044 712 pubem
1069 627 1101 693 in
1121 624 1230 713 bow)
1251 644 1310 710 per

120 736 150 798 q.
174 718 258 796 urb,
289 736 393 781 eumve
416 720 485 799 quei
508 719 623 782 aerario
645 720 772 801 praerit,
801 717 899 782 tacito.
943 718 1068 791 Ouamta
1094 716 1220 797 perunte
1240 733 1306 777 aum

120 805 198 867 riam
221 804 379 884 inuenerit,
408 811 514 867 tuntae
535 806 678 886 paeoniae
700 824 768 867 eum
791 822 904 885 eosque
913 799 961 885 ²),
984 822 1108 884 quorum
1130 811 1198 866 anto
1221 801 1307 864 aerii-

4 928 6 955 ι
119 889 220 953 stium
249 910 285 953 ea
308 892 355 954 uia
384 892 458 969 erit,
488 893 672 974 proportioni
700 898 841 972 quantum
872 893 1021 973 quoiuquo
1049 896 1117 953 ante
1145 888 1307 953 aediticium

118 978 239 1040 viaein
261 977 446 1059 longitudine·
463 985 494 1039 et
516 979 545 1041 in
566 977 715 1042 latitudine
736 979 803 1053 erit,
824 996 853 1061 q.
876 979 941 1041 urb.
964 978 1072 1057 queivo
1087 978 1202 1041 aerario
1215 994 1307 1059 prae-

119 1064 175 1141 rit‚
199 1065 230 1126 in
251 1063 366 1127 tabutas
388 1063 521 1145 publicae
549 1066 691 1146 pecuniae
721 1063 817 1127 inemo
844 1062 1038 1127 referundum
1066 1057 1219 1145 uuruto.⁸)
1263 1061 1310 1140 bt,

119 1153 202 1231 quoii
225 1168 290 1213 eam
312 1152 389 1212 viam
411 1150 556 1213 tuemdam
577 1151 746 1228 redemerit,
769 1157 866 1214 tentae
888 1151 1031 1231 pecuniae
1052 1166 1120 1213 eum
1143 1166 1235 1213 eosve
1250 1148 1307 1210 aui-

120 1238 254 1314 tribuito,
276 1237 339 1298 siue
363 1237 392 1298 d.
414 1256 451 1298 ιιι.
485 1238 536 1301 Sei
557 1239 583 1299 iu
605 1240 674 1320 quei
696 1236 862 1305 adtributus
884 1238 956 1314 erit,
978 1254 1042 1299 eam
1064 1237 1216 1316 pecuniam
1240 1234 1308 1297 die-

119 1323 178 1386 bue
199 1322 286 1385 XXX
307 1324 484 1405 proxumiie,
507 1324 615 1405 quibua
638 1326 702 1405 ipse
724 1330 775 1387 uut
796 1332 970 1406 procurator
992 1325 1056 1385 eius
1078 1324 1153 1386 sciet
1174 1321 1310 1385 adtribu-

120 1411 233 1473 tionem
255 1408 364 1473 tactam
385 1427 463 1487 esse,
486 1412 514 1471 ei
537 1414 608 1491 quoi
631 1410 795 1473 adtributus
818 1412 884 1488 erit,
906 1429 965 1473 nou
987 1407 1120 1487 solverit,
1142 1427 1240 1490 nequo¹
1255 1426 1308 1472 sa-

121 1496 276 1575 tisfecerit,
295 1494 323 1558 is
338 1503 465 1576 quuntae
479 1499 622 1578 pecuniae
638 1497 802 1560 adtributus
817 1499 883 1575 erit,
906 1503 1010 1559 tuntum
1033 1497 1185 1578 pecuniam
1201 1502 1232 1559 et
1246 1493 1310 1558 eius

121 1582 269 1647 dimidium
292 1585 320 1645 ei
329 1581 360 1664 ί)
383 1582 453 1663 quoi
475 1582 643 1646 adtributus
665 1584 731 1662 erit,
753 1582 825 1646 dare
848 1582 938 1647 dibito
949 1578 990 1666 ⁵),
1011 1583 1100 1663 inque
1122 1600 1186 1644 eum
1203 1583 1256 1643 rim
1273 1582 1308 1657 is,

121 1687 335 1753 quoquumque
358 1668 395 1730 do
417 1687 453 1731 ea
475 1688 510 1732 re
532 1670 640 1734 aditum
663 1671 728 1749 erit,
751 1669 874 1732 iudicem
896 1668 1071 1733 iudiciumne
1093 1669 1132 1731 itu
1148 1668 1226 1747 dato,
1248 1668 1309 1731 utei

121 1755 158 1818 de
181 1758 311 1838 pecunia
334 1755 498 1818 credita...
523 1756 719 1836 iudiciumque
742 1755 804 1819 dari
826 1757 981 1838 oportebit.

225 1867 317 1941 Quam
349 1869 425 1930 viam
457 1869 483 1930 b.
507 1867 526 1931 Ι.
550 1869 694 1932 tuemdam
724 1868 815 1932 locari
845 1870 1007 1952 oportebit,
1030 1867 1095 1931 aad.
1126 1886 1213 1953 quem
1244 1884 1307 1929 eum

119 1954 195 2018 aium
227 1953 364 2017 tuendam
393 1954 494 2018 locare
524 1955 688 2036 oportebit,
718 1957 743 2018 is
772 1974 836 2018 eam
866 1956 942 2018 viam
972 1973 1026 2037 per
1048 1973 1076 2037 q.
1106 1956 1170 2018 urb.
1201 1954 1308 2036 quoire

121 2041 237 2105 aerario
261 2042 387 2122 praerit,
410 2040 555 2104 tuemdam
577 2042 692 2119 locato,
724 2047 783 2105 utei
808 2060 872 2105 earn
895 2044 969 2104 vium
994 2042 1132 2104 arbitratu
1155 2042 1220 2104 eius
1242 2041 1310 2121 quei

121 2148 184 2193 oum
208 2128 284 2191 uiam
307 2125 460 2190 locandam
483 2130 642 2206 curaverit,
665 2136 790 2191 tueatur.
814 2129 956 2204 Quantam
980 2128 1133 2209 pecuniam
1153 2128 1190 2190 itu
1213 2145 1310 2208 quae-

120 2232 178 2297 que
199 2213 363 2283 viatoeata
386 2217 451 2292 erit,
474 2221 494 2277 t.
517 2233 544 2296 p.
569 2232 596 2295 q.
621 2214 686 2277 urb.
710 2216 816 2296 queive
838 2217 953 2279 aerario
976 2216 1095 2297 praeiit,
1121 2214 1310 2293 redemtorei‚

122 2514 174 2575 quo
198 2496 241 2553 die
265 2496 399 2552 ioeatarus
422 2497 471 2568 eit3
502 2514 614 2572 eumque
637 2498 798 2556 tutationem
827 2500 911 2575 petam
934 2500 959 2555 iu
982 2499 1043 2555 iuro
1065 2515 1114 2573 par
1137 2504 1307 2579 quaestorem
1402 2524 1404 2529 ·

123 2584 267 2654 uberum,
288 2599 384 2639 aurora
406 2584 451 2655 qui
473 2584 578 2641 aerario
601 2586 735 2659 praeerit,
765 2586 853 2643 tacito.
894 2582 995 2654 Quanta
1025 2584 1137 2660 pecunia
1160 2601 1216 2641 eaur
1239 2584 1307 2640 virm

122 2671 261 2739 tocuaarit,
284 2675 375 2726 tantae
397 2671 527 2743 pecuniae
550 2688 619 2741 eum,
642 2688 735 2742 eosve,
758 2689 869 2746 quorum
890 2680 952 2729 oute
974 2668 1120 2729 aediticium
1144 2688 1176 2728 eu
1191 2671 1232 2727 ria
1248 2671 1307 2740 erit,

122 2774 170 2837 pro
194 2756 319 2831 portione
342 2763 467 2830 quantum
491 2756 617 2830 cuiusque
647 2765 709 2814 aute
738 2759 884 2816 aediticium
912 2761 970 2815 riae
995 2758 1021 2814 in
1044 2758 1209 2831 longitudine
1232 2764 1259 2815 et
1281 2756 1306 2813 iu

122 2843 260 2901 latitudine
283 2843 352 2912 erit,
375 2849 501 2916 quaestor
523 2845 656 2915 urbanus,
679 2845 774 2919 quoire
797 2846 901 2903 aerario
924 2847 1058 2920 praeerit,
1081 2846 1105 2902 iu
1128 2846 1231 2901 tabutas
1253 2860 1307 2919 pu·

122 2926 203 2987 biicas
226 2931 355 3003 meoniae
378 2929 466 2987 tedae
488 2931 657 2988 referundum
681 2924 878 3012 (reborandos)
902 2940 1003 2989 aurato.
1038 2933 1078 3003 Ei,
1101 2932 1145 3005 qui
1165 2948 1222 2988 uam
1238 2932 1305 2993 tiam

122 3018 245 3074 tuendam
269 3017 423 3087 redemerit,
445 3023 532 3075 tantun
556 3018 686 3091 peeuuiae
708 3034 767 3074 aum
790 3035 873 3077 eoava
895 3020 1048 3090 attribuito,
1070 3019 1127 3075 sina
1150 3018 1213 3075 doto
1229 3019 1306 3076 muto.

122 3106 148 3160 Si
170 3104 203 3174 ia,
227 3103 270 3177 qui
293 3104 440 3181 adtributus
463 3104 526 3175 erit,
549 3121 607 3163 earn
630 3104 769 3178 pecuniam
791 3106 884 3162 diebus
907 3106 1016 3177 triginta
1040 3106 1190 3178 proxumis,
1213 3106 1307 3177 quibus

90 3256 99 3277 ⁸
122 3192 177 3265 ipae
200 3197 247 3247 ant
268 3197 428 3265 procurator
450 3191 505 3247 eius
528 3191 604 3262 aciat,
626 3190 830 3248 attributionem
854 3195 950 3249 iactum
974 3209 1043 3264 esse,
1066 3193 1101 3262 ei,
1122 3190 1164 3248 uui
1185 3190 1306 3248 adtribu-

123 3284 161 3334 tue
185 3277 254 3349 erit,
277 3294 330 3334 uou
353 3276 473 3347 solverit,
496 3278 666 3351 nequeuntis
690 3278 793 3349 iecerit,
816 3279 848 3349 is,
871 3286 985 3352 quantoe
1007 3278 1136 3351 pecuniae
1160 3278 1306 3334 adtributus

122 3364 187 3435 erit,
218 3365 283 3421 dure
305 3365 420 3434 debete,
452 3364 531 3437 inque
555 3381 612 3419 eam
636 3381 691 3419 reru
714 3366 752 3435 ia,
780 3382 939 3439 quoeunque
963 3367 996 3422 de
1019 3383 1050 3422 ea
1073 3383 1103 3422 re
1127 3364 1223 3421 aditum
1247 3365 1307 3435 erit,

121 3451 234 3508 iudicatu
256 3451 433 3524 iudiciumque
455 3451 491 3508 ita
515 3452 589 3521 dato,
613 3450 650 3507 nti
672 3452 706 3507 de
729 3453 841 3525 penuria
867 3454 965 3510 credite
989 3444 1142 3532 Gadium)
1165 3450 1305 3509 iudicium·

122 3554 172 3611 que
195 3537 254 3595 duri
275 3539 420 3611 oportebit.

224 3652 308 3719 Quam
331 3650 399 3707 riam
421 3652 471 3707 bac
494 3651 556 3722 iege
579 3651 703 3708 tuendam
725 3652 808 3709 iuuari
830 3652 984 3727 opo-tebit,
1012 3650 1122 3724 aeditis,
1146 3668 1224 3725 quem
1247 3669 1306 3710 euru

121 3738 187 3795 uiam
206 3738 331 3794 tuendam
346 3737 437 3793 tueare
453 3737 598 3811 oportebit,
621 3740 643 3794 ie
660 3756 717 3794 earn
733 3738 801 3795 viam
816 3756 866 3813 par
883 3747 1051 3813 quaestorem
1067 3741 1204 3809 urbanum,
1227 3739 1306 3814 quita

120 3824 224 3882 aerario
247 3823 383 3897 praeerit,
412 3824 536 3880 tuendam
559 3825 667 3895 iurato,
698 3825 734 3881 uti
758 3843 816 3882 eam
839 3826 907 3882 uiam
930 3826 1055 3882 arbitratu
1079 3825 1152 3896 eiua,
1181 3826 1225 3899 qui
1248 3842 1305 3882 erm

119 3912 189 3969 biam
212 3912 352 3968 iocundam
374 3912 516 3981 uurarerit,
538 3917 650 3969 tueatur.
694 3912 795 3980 Quanta
818 3912 929 3987 pecunia
953 3913 987 3968 ita
1010 3929 1131 3985 quaeque
1154 3913 1195 3968 uia
1218 3913 1306 3970 iocata

123 3999 192 4070 erit,
214 4004 313 4056 trutanr
336 3998 475 4072 pecuniam
499 4005 627 4072 quaestor
650 3998 783 4070 urbanus,
811 3999 891 4073 quive
913 3999 1017 4056 aerario
1041 3999 1173 4074 praeerit,
1197 4000 1308 4086 repam·

224 4271 252 4340 i)
270 4273 381 4327 Tabula:
400 4278 428 4327 ia
443 4277 508 4344 supa.
527 4275 576 4329 Pro
588 4279 690 4347 antique
703 4277 783 4329 fortun
800 4277 890 4330 literae
907 4276 1071 4329 RConrndue
1082 4276 1180 4329 itteram
1193 4274 1211 4329 P
1224 4274 1309 4344 babet,

120 4345 162 4397 reti
174 4360 232 4396 eum
245 4344 309 4396 baec
326 4347 451 4414 antiquior
467 4346 555 4399 literae
572 4345 593 4398 ii
612 4346 692 4398 iorrna
712 4345 770 4399 aiibi
782 4354 851 4399 certe
869 4363 991 4414 uunquam
1010 4347 1034 4399 iu
1052 4345 1137 4399 tabula
1156 4346 1307 4410 invenietur,

119 4414 237 4469 neudum
249 4415 332 4480 potine
344 4414 484 4466 habebitur.
500 4440 532 4448 -
551 4411 581 4480 2]
594 4415 643 4467 tub.
655 4433 733 4483 unque.
751 4415 904 4467 Emendabit
914 4415 1023 4469 Conrad.
1042 4415 1091 4469 Seri
1105 4413 1231 4479 biapeaoii.
1244 4430 1306 4467 cor-

119 4485 163 4550 rigi
181 4484 262 4535 metite
282 4499 362 4547 eneae,
385 4492 413 4534 ιιι
430 4484 504 4551 penio
516 4483 593 4535 'iuba
616 4485 716 4549 iegitur.
743 4510 773 4522 —
800 4481 829 4548 3)
852 4473 959 4536 tuburtae
974 4493 1073 4550 memb,
1098 4493 1125 4536 ut
1141 4498 1199 4536 mox
1225 4500 1306 4554 aequa
1422 4482 1433 4509 ¹

118 4554 253 4605 mendose:
272 4550 341 4604 0vt1
360 4568 407 4619 pro
423 4555 490 4619 quoti
507 4561 533 4604 et
550 4553 705 4606 iVEthAbi
722 4568 770 4621 pro
787 4555 915 4605 uentum.
932 4578 966 4589 -
985 4554 1014 4621 t)
1027 4554 1122 4608 tabula:
1141 4553 1171 4605 tt
1183 4552 1304 4606 mentione

119 4636 177 4690 pro:
195 4622 226 4677 ei.
244 4620 363 4690 Gottiiuq.
382 4621 483 4676 Prienen
501 4622 559 4678 eriri.
577 4625 601 4676 ii.
620 4648 651 4659 ·-
672 4619 702 4689 5)
720 4621 817 4677 tabula:
836 4623 992 4693 'depadtbito
1299 4648 1302 4655 »
