3106 5122
205 393 270 461 296
538 389 616 445 Inscr.
633 390 764 459 pruinas.
798 388 860 460 cop.
878 387 910 444 ll.
945 376 1063 443 bubulus.

203 550 287 617 rituti
307 555 428 616 nusum
449 566 519 615 esse
544 555 709 633 coeperunt
738 568 797 631 qua
825 549 916 632 ipsus
937 568 997 631 qua
1018 548 1141 613 tiliorum
1170 547 1253 612 aior:
1284 560 1393 628 sempr

203 647 374 721 pertaesum
396 643 442 701 est
464 642 578 701 mentes
599 637 685 720 regni
707 635 793 700 etad
813 635 963 714 consules,
985 653 1099 699 annuos
1114 636 1311 718 magistratus,
1333 632 1392 696 ud·

190 725 380 791 ,ministratio
398 724 471 804 reip.
498 723 637 787 translate
659 730 716 786 est.
761 722 836 797 Ouid
865 741 945 787 ntrnc
973 740 1201 786 comruemorem
1228 722 1392 784 dictaturae

203 811 264 876 boo
283 813 349 892 ipso
373 809 522 875 consolari
550 811 702 891 imperium
732 810 875 872 valentius
903 817 1055 891 repertum
1083 808 1160 889 apud
1183 809 1310 871 maiorm
1332 825 1393 871 no-

138 954 141 963 ,
203 906 284 964 atros
306 915 365 978 quo
386 897 416 958 in
439 897 638 978 asperioribus
661 894 747 959 bellis
769 903 820 958 eut
841 897 870 958 in
893 896 969 959 cirili
991 894 1248 959 munumentum
1265 901 1392 956 nuren-

204 990 271 1059 tur3
301 990 350 1048 aut
371 984 401 1045 io
423 983 563 1046 cumbum
585 982 678 1064 plebis
701 990 819 1045 erectos
849 982 981 1047 tribunos
1004 982 1123 1063 plebei?
1169 981 1247 1056 onte
1273 999 1394 1045 acon-

205 1071 319 1136 sulibus
341 1068 379 1133 ed
401 1068 585 1134 decemviros
611 1067 780 1132 translatum
803 1070 954 1150 irnperiuru
976 1070 1251 1149 solutoqrrepostea
1266 1066 1392 1129 decem-

206 1156 291 1222 virali
313 1174 409 1241 reguo
431 1154 469 1220 ud
491 1155 629 1219 eonsules
656 1174 763 1219 rursus
784 1154 934 1219 reditum?
978 1155 1054 1228 Quid
1084 1157 1160 1217 inter
1188 1153 1278 1235 pluris
1291 1150 1320 1236 ¹)
1341 1152 1392 1215 dt-

205 1245 364 1310 stributum
393 1242 549 1306 consulare
577 1243 746 1323 imperium,
783 1242 917 1305 tribunos
944 1242 1065 1304 militum
1093 1240 1241 1305 consulari
1267 1241 1418 1321 imperio.

205 1330 385 1414 appelletos,
407 1330 457 1410 qui
478 1330 543 1392 seni
564 1335 596 1390 et
617 1346 707 1408 saepe
730 1329 828 1392 octoni
851 1330 1047 1391 crearentur?
1092 1327 1168 1400 Ouid
1191 1329 1393 1390 momentos-

204 1424 254 1483 tos
275 1422 427 1499 postremo
450 1434 518 1479 ouer
540 1414 626 1495 plebe
649 1415 781 1478 bonores
801 1433 861 1479 nou
883 1416 987 1496 imperi
1007 1415 1102 1479 sabim
1127 1413 1184 1477 sed
1205 1412 1393 1477 sacerdotio·

204 1522 272 1569 rum
294 1497 441 1584 quoquot
484 1499 542 1565 lurn
564 1503 589 1564 si
611 1520 728 1565 narrem
750 1501 826 1565 bella
847 1520 866 1564 a
887 1503 993 1580 cutm
1015 1501 1169 1580 coeperint
1183 1502 1310 1563 ouiores
1331 1518 1393 1564 uo-

79 1648 84 1662 .
203 1590 260 1656 stri
281 1597 312 1652 et
334 1605 395 1666 quo
416 1589 672 1669 processerimus,
701 1606 810 1653 vereor
839 1606 878 1650 ue
899 1590 984 1650 nimis
1006 1588 1179 1651 insolentior
1201 1605 1270 1650 esse
1290 1585 1392 1649 videur

204 1685 238 1741 et
259 1676 415 1756 quaesisse
435 1675 623 1739 mundonem
644 1675 759 1758 glorius
781 1675 886 1756 meleti
907 1676 1020 1756 imperii
1042 1674 1117 1737 ultra
1140 1692 1294 1738 omnum
1333 1673 1393 1737 Scd

204 1759 317 1847 illuri)
341 1763 439 1845 potius
462 1767 612 1824 revertar:
635 1763 863 1826 civitatem...
930 1800 933 1809 »

710 1890 827 1954 'Tabula
849 1888 882 1954 ll.

314 2039 768 2058 ......................
798 2013 871 2058 saue
989 2013 1068 2059 novo
1196 1995 1281 2058 diuus
1313 1994 1392 2077 Aug.

301 2099 341 2145 no
459 2080 505 2144 lus
527 2086 556 2142 el
577 2088 700 2162 petrum
722 2081 858 2144 Tiberius
888 2081 996 2145 Cursor
1019 2101 1136 2145 omnem
1157 2081 1261 2145 dorem
1283 2082 1394 2159 ubique

202 2168 388 2235 ,coloniarum
409 2185 446 2228 uc
466 2167 690 2247 municipiorum
712 2168 856 2232 bonorum
879 2170 992 2232 scilicet
1012 2171 1142 2233 virorum
1156 2176 1188 2229 et
1203 2167 1394 2249 locupletium

205 2257 236 2321 iu
258 2255 314 2317 buc
334 2255 416 2318 curia
443 2271 513 2315 esse
542 2253 644 2317 voluit.
689 2252 766 2326 Quid
787 2256 887 2335 ergo?
930 2255 996 2317 Non
1026 2255 1138 2318 italicus
1167 2262 1287 2323 senator
1316 2273 1394 2336 pro·

206 2340 324 2406 vineieli
348 2340 446 2422 potior
476 2339 546 2403 est?
586 2339 645 2403 lem
674 2341 758 2407 vobis
788 2359 854 2407 curn
885 2340 960 2409 hone
988 2349 1101 2424 partum
1132 2360 1277 2407 censurae
1307 2361 1394 2405 meae

204 2427 373 2512 approbare
395 2443 535 2507 coepero,
557 2425 627 2503 quid
649 2425 686 2491 de
709 2445 744 2489 oa
766 2447 800 2489 re
822 2428 945 2493 sentiam
967 2429 1058 2499 rebus
1081 2427 1242 2495 osleudem.
1277 2428 1337 2493 Sed
1355 2448 1394 2491 ne

204 2512 407 2599 provinciales
437 2511 555 2592 quidem
577 2513 603 2575 si
632 2512 721 2579 modo
743 2532 851 2578 ornere
880 2516 988 2584 curiom
1016 2517 1148 2596 poterint
1174 2510 1395 2598 reiieieudosss

205 2607 290 2686 puto.
333 2600 524 2664 ornnssima
547 2616 619 2662 ecce
649 2601 762 2665 colonia
785 2599 1042 2681 scientissimeque
1073 2603 1280 2667 Viennensium
1307 2619 1396 2680 ouem

204 2687 302 2772 longo
323 2687 379 2750 iam
403 2693 538 2768 tempore
560 2694 717 2750 senatores
741 2687 807 2750 truie
829 2689 927 2751 curiae
949 2689 1072 2753 confert.
1124 2688 1170 2751 Ex
1198 2707 1255 2768 que
1277 2689 1396 2753 colonia

205 2776 287 2841 iuter
308 2790 420 2856 paucos
444 2773 593 2854 equestris
624 2772 736 2837 ordinis
766 2781 969 2839 ornamentum
990 2776 1023 2838 L.
1046 2776 1196 2838 Vestinum
1224 2774 1396 2839 larrrilisris·

204 2861 284 2926 sime
308 2859 398 2943 diligo
421 2866 452 2922 et
473 2857 621 2941 hodieque
643 2862 672 2924 in
695 2861 786 2923 robus
809 2862 883 2924 meis
906 2862 1033 2926 detineo.
1079 2862 1169 2925 Cuius
1190 2862 1273 2927 liberi
1289 2862 1396 2926 fruun-

206 2955 260 3013 tur
282 2964 396 3028 quaeso
418 2947 512 3027 primo
534 2945 768 3011 sacerdotiorum
795 2947 891 3030 gradu
913 2955 981 3028 post
1008 2947 1097 3015 modo
1120 2967 1188 3011 com
1208 2949 1292 3012 annis
1320 2967 1397 3029 pro-

205 3033 318 3099 moturi
340 3033 488 3116 diguitatis
510 3050 582 3095 suae
604 3034 791 3096 incremento.
836 3034 873 3097 Ut
895 3034 988 3098 dirum
1005 3053 1113 3099 nomen
1127 3034 1249 3101 latronis
1265 3043 1396 3112 teceeunr

206 3128 239 3184 et
263 3117 312 3183 cdi
333 3117 404 3183 illud
425 3117 612 3202 palestricum
634 3118 798 3202 prodigium
821 3119 900 3201 quod
923 3129 991 3184 eote
1013 3123 1042 3183 in
1065 3121 1183 3185 domurn
1207 3122 1393 3189 consutum

206 3205 314 3286 intulit,
336 3224 423 3286 quum
447 3205 567 3270 colonis
588 3224 643 3268 suu
664 3206 790 3270 solidam
813 3207 938 3269 civitatis
958 3226 1099 3272 romense
1123 3207 1295 3271 beneficiam
1317 3228 1396 3272 con·

207 3300 312 3359 secuta
336 3300 392 3357 est.
435 3291 515 3355 idem
537 3292 576 3354 de
598 3290 690 3355 iretre
720 3295 782 3356 eius
810 3311 932 3375 possum
962 3292 1061 3358 dicere
1091 3294 1246 3359 miserabili
1275 3294 1395 3376 quidem

206 3378 473 3461 indignissimoque
495 3379 552 3441 boc
574 3396 645 3440 cusu
667 3387 700 3442 ut
722 3380 805 3442 vobis
828 3381 905 3443 utilis
925 3388 1048 3445 senator
1069 3399 1137 3444 esse
1160 3399 1219 3446 nou
1241 3382 1395 3463 possit.-

207 3461 356 3550 (Tempos
379 3471 426 3528 est
447 3464 503 3526 iam
525 3464 624 3527 Tiberi
639 3463 747 3529 Cacsar
762 3466 946 3545 Germanice,
969 3468 1112 3551 detegere
1126 3474 1155 3529 te
1170 3469 1301 3549 patribus
1317 3487 1395 3531 cou-

206 3553 325 3633 scriptis
348 3568 409 3632 quo
432 3551 532 3614 tendat
553 3551 647 3614 cretio
672 3559 737 3614 tun:
768 3554 824 3616 iem
853 3555 930 3616 enim
956 3555 993 3617 ed
1015 3562 1164 3618 exuemus
1188 3554 1261 3618 lines
1284 3555 1396 3618 Galliae

205 3638 404 3703 subenensis
433 3632 568 3718 venisti.)
599 3672 641 3684 -
671 3639 728 3701 l'ot
757 3657 828 3701 ecce
864 3642 995 3723 insignes
1025 3644 1148 3706 iuvenes
1177 3649 1250 3723 quot
1277 3643 1395 3705 inlusor

205 3743 269 3789 nou
291 3726 385 3807 magis
406 3730 474 3787 sunt
495 3723 661 3805 poenitendi
682 3733 837 3790 senatores
860 3744 947 3809 quem
974 3730 1103 3809 paenitet
1129 3729 1277 3792 Persicum
1304 3729 1394 3792 nobi-

205 3810 351 3877 lissimum
374 3811 477 3891 vuum,
500 3812 623 3875 amicum
646 3831 752 3891 meum,
773 3815 850 3876 inter
873 3815 1016 3897 imagines
1037 3815 1182 3881 maiorum
1202 3833 1323 3879 socrum
1336 3815 1395 3879 Al-

204 3896 355 3982 lobrogici
375 3915 482 3963 nomen
503 3897 615 3983 legere.
665 3899 753 3974 Quod
782 3901 807 3963 si
836 3900 909 3965 boec
938 3903 978 3965 itu
1007 3920 1076 3966 esse
1105 3903 1293 3981 consentitis,
1323 3900 1395 3983 quid

206 3985 283 4048 ultra
306 3983 481 4049 desideretis
504 4003 590 4067 quum
613 3993 644 4049 ut
664 3987 750 4049 vobis
774 3987 864 4069 digito
888 3986 1086 4051 demonstrem
1109 3988 1205 4052 solum
1227 3989 1321 4071 ipsum
1344 3988 1395 4051 ol-

207 4076 255 4136 tra
276 4071 351 4137 lines
371 4073 540 4155 provinciae
563 4072 757 4137 narbonensis
780 4077 835 4136 iam
858 4074 942 4140 vobis
956 4081 1112 4139 senatores
1126 4076 1253 4154 mittere,
1275 4074 1394 4155 quando

206 4322 467 4449 pumqulssp'iff:
485 4327 550 4449 ΐαδτ
560 4327 757 4450 ὁιιιρ.“...ιιῗ;ἰ
773 4325 1394 4450 'euqugpm-“gwbnfef'{gemmula'⁰⁰⁰¹'

206 4464 368 4532 recipiardcs,
386 4413 614 4544 {somnolentum
630 4414 726 4533 bipfrius
743 4404 868 4518 baffia.
885 4434 929 4518 ulii
942 4396 1169 4538 mulotffegud'mlm
1187 4392 1396 4521 sed-belum}

207 4541 236 4589 ut
252 4534 363 4589 Artuud:
380 4535 542 4602 rsirtu'errrlor,
560 4534 626 4604 quod
645 4538 731 4605 ulique
748 4552 834 4589 sensus
851 4535 900 4588 loci
919 4538 1030 4606 requirit.
