3106 5122
450 418 474 483 ς.
486 417 511 471 3.
546 416 682 491 Appendix
697 417 783 489 ispum
799 422 826 471 et
842 419 1122 479 maculosum.
1311 406 1376 489 808

190 574 347 643 Marcellus
369 575 474 649 consul
494 594 523 639 r.
545 572 612 659 U)
638 574 676 643 de
697 575 858 659 maricolis
878 575 1093 656 modulum,
1115 575 1144 639 d.
1168 591 1197 641 e.
1217 593 1242 639 r.
1264 575 1285 643 l
1306 571 1376 660 α’)

191 663 237 729 Uti
266 661 299 726 L,
319 660 426 729 Paulus
449 661 482 725 C.
504 661 663 737 Marcellus
685 661 768 735 coss
792 681 858 731 cum
880 665 1083 747 narbonen
1110 663 1260 741 iniissent,
1287 680 1327 727 cx
1347 682 1376 729 a.

191 748 219 815 d.
242 749 299 818 kal.
321 749 406 817 liert
437 767 514 828 quae
535 749 564 813 iu
586 768 642 819 suo
664 751 838 833 rupbtrabr
863 748 980 817 lubeca
1001 758 1121 827 emerit,
1149 749 1188 813 de
1209 749 1378 815 emmi-

192 838 251 903 bus
274 835 435 919 provinciis
457 835 495 899 ud
524 843 665 903 senatum
686 836 850 911 relerrout3
878 855 955 903 caue
985 836 1054 917 quid
1083 839 1166 920 ptius
1194 854 1235 901 ex
1264 832 1305 920 [a.
1335 834 1379 921 d]

190 923 249 986 lral.
275 920 361 985 biart.
384 920 419 985 ed
442 930 576 989 sennium
605 922 769 999 relerrest3
799 941 877 987 neve
905 921 974 1004 quid
1004 924 1187 991 coniunctior·
1211 926 1249 991 dc
1278 943 1314 989 eo
1342 943 1377 989 ru

190 1009 359 1072 referretur
390 1010 615 1085 aconsulibus;
644 1011 747 1092 utique
778 1013 843 1072 eius
872 1011 916 1071 rei
940 1027 1029 1073 eausa
1055 1029 1110 1093 per
1131 1010 1195 1074 dies
1217 1010 1378 1075 comitiales

192 1103 328 1161 senatum
351 1096 503 1174 baberent,
525 1115 550 1159 a.
573 1116 601 1178 q.
624 1115 650 1158 c.
661 1092 691 1178 ³)
713 1096 847 1160 lacerent
854 1115 863 1171 ;
886 1102 916 1159 et
938 1115 1027 1178 quum
1050 1096 1088 1159 de
1111 1115 1146 1161 ee
1168 1116 1202 1160 re
1224 1097 1261 1160 ad
1284 1115 1378 1162 seno-

192 1190 252 1246 tum
275 1180 440 1247 referretur
461 1202 479 1245 a
502 1180 603 1260 Coss,
633 1202 738 1247 eorum
768 1185 819 1265 qui
849 1183 877 1245 in
901 1180 971 1246 CCC
999 1181 1142 1247 iudicibus
1173 1191 1292 1265 essent,
1320 1203 1377 1249 sex

192 1269 343 1333 adducere
354 1265 385 1351 4)
409 1270 512 1337 liceret
518 1289 528 1345 ς
550 1271 575 1332 si
597 1268 666 1351 quid
689 1269 726 1333 de
749 1288 785 1334 cu
805 1287 841 1335 re
855 1268 891 1331 cd
908 1269 1047 1352 populum
1063 1270 1216 1351 plebemve
1228 1270 1287 1339 lato
1301 1289 1377 1355 opus

193 1363 298 1436 esser,
327 1357 369 1419 uti
396 1355 461 1419 Ser.
490 1355 635 1438 Sulpicius
665 1352 703 1423 tt.
732 1356 888 1423 Marcellus
918 1374 996 1429 coss.
1047 1364 1183 1423 rectores
1211 1358 1378 1441 tribunique

192 1442 302 1526 plebei,
325 1443 432 1524 quibus
456 1461 561 1506 eorum
582 1441 746 1522 uideretur,
764 1440 800 1506 ad
822 1441 961 1525 populum
978 1375 1131 1525 plessemve
1145 1443 1273 1508 ferrent:
1296 1436 1379 1527 quod

193 1530 213 1593 ii
237 1529 453 1604 eontulissent,
477 1531 527 1608 uti,
547 1531 714 1611 quicunque
730 1529 871 1611 deinceps
887 1536 997 1610 essent,
1020 1529 1056 1593 ed
1071 1529 1207 1613 populum
1223 1531 1377 1613 plebemve

192 1616 315 1681 ierrent.
337 1615 358 1678 i
380 1611 452 1701 w)
1120 1628 1129 1637 '

296 1719 329 1787 ii.
352 1717 427 1783 Prid.
451 1719 507 1785 kal.
523 1720 627 1787 llclob.
650 1721 679 1785 in
701 1718 775 1784 aede
797 1719 949 1803 Apollinis.
972 1720 1063 1785 Scrib.
1085 1723 1234 1787 allicerunt
1255 1724 1287 1787 L.
1311 1724 1378 1788 llo-

192 1807 291 1871 mities
313 1807 365 1870 Gn.
388 1806 419 1869 F.
438 1807 508 1870 Feb.
530 1808 757 1885 Ahenobarbus,
781 1806 815 1882 Ο.
838 1807 981 1871 Caecilius
1003 1809 1038 1883 0.
1061 1809 1129 1873 Feb.
1153 1810 1287 1875 Metellus
1308 1811 1377 1876 Pius

192 1894 312 1975 Scipio,
340 1893 372 1956 ir.
395 1893 498 1958 Villius
519 1893 552 1955 L.
574 1894 606 1956 F.
630 1895 709 1957 Pom.
733 1895 869 1970 Annalis,
900 1895 933 1957 C.
959 1895 1115 1977 Septimius
1138 1896 1171 1960 Τ.
1193 1896 1225 1963 F.
1248 1899 1378 1977 Quirina,

194 1981 228 2044 G.
250 1981 422 2045 Scribonius
444 1981 475 2044 0.
498 1981 528 2045 F.
551 1980 622 2067 Pop.
646 1980 751 2059 Curio,
781 1981 812 2047 lu
842 1981 958 2045 riticius
988 1980 1020 2044 L.
1048 1983 1078 2046 ii.
1110 1983 1165 2047 dn.
1189 1983 1309 2070 Capito,
1337 1986 1377 2050 dl.

193 2067 306 2150 Eppius
327 2067 366 2132 bl.
388 2067 419 2130 ll.
442 2068 609 2130 Terentina.
640 2067 725 2141 Quod
747 2069 785 2131 ti.
808 2068 965 2132 Marcellus
986 2086 1048 2133 cos.
1072 2089 1099 2134 v.
1114 2069 1134 2135 l
1151 2070 1188 2134 de
1210 2072 1378 2154 provinciis,

194 2154 224 2218 d.
247 2173 275 2218 e.
297 2173 321 2218 r.
351 2155 370 2216 i.
392 2173 419 2217 c.
450 2154 588 2219 Senatum
617 2156 788 2218 existimare
817 2156 962 2218 neminem
991 2172 1096 2220 eorum
1124 2158 1174 2241 qui
1203 2165 1379 2239 potestatem

194 2240 304 2305 babent
325 2239 528 2304 intercedendi
548 2240 734 2322 impediendi,
756 2260 867 2305 moram
890 2241 998 2305 aiierre
1020 2250 1177 2324 oportere,
1200 2263 1261 2326 quo
1282 2248 1378 2311 minus

195 2328 281 2391 der.
304 2346 331 2410 p.
359 2347 388 2409 p.
412 2347 436 2390 r.
460 2323 539 2410 (λθ)
567 2328 603 2390 ad
630 2336 767 2395 sensum
798 2328 906 2391 reierri
934 2330 1093 2410 semotique
1119 2331 1284 2397 oonsrltm
1313 2333 1378 2397 lieri

194 2417 306 2497 possit3
328 2416 377 2496 qui
398 2413 565 2496 impedierit
591 2415 789 2495 prohibuerit,
818 2434 885 2478 euru
915 2423 1046 2479 senatum
1078 2418 1245 2482 existimare
1276 2427 1380 2486 contra

193 2502 408 2583 rempublicam
427 2501 546 2565 beben
570 2501 600 2565 si
616 2503 683 2582 quis
703 2502 770 2565 inuio
792 2519 816 2566 s.
830 2521 860 2565 or
871 2503 1100 2583 intercessisset,
1122 2506 1239 2568 senatui
1261 2507 1381 2588 placere

195 2588 401 2653 comunem
422 2588 579 2669 perscribi,
602 2595 633 2650 et
654 2587 691 2651 de
713 2608 749 2650 ee
771 2606 806 2651 re
827 2588 864 2652 od
885 2595 1018 2653 emotum
1040 2590 1241 2675 populumque
1261 2593 1377 2658 referri.

197 2706 237 2724 —-
259 2675 334 2739 lluic
356 2694 380 2739 s.
403 2694 430 2738 c.
453 2675 621 2739 intercessit
644 2675 674 2738 G.
698 2674 835 2756 Coelius,
862 2675 896 2737 L.
919 2675 1063 2756 Vinicius,
1093 2677 1123 2740 P.
1146 2677 1316 2761 Cornelius,
1346 2678 1377 2746 G.

195 2762 300 2827 libius
320 2763 424 2843 Pensa,
445 2762 525 2824 ibib.
548 2760 587 2842 pi.

300 2865 344 2930 lil.
389 2867 459 2931 item
481 2865 595 2930 senatui
618 2865 734 2949 placere
758 2866 795 2929 de
816 2864 952 2933 militibus
974 2868 1024 2949 qui
1045 2868 1075 2930 iu
1097 2871 1230 2932 exercitu
1252 2869 1283 2933 C.
1300 2871 1381 2936 Cae-

195 2953 273 3019 saris
295 2958 375 3017 sunt:
399 2955 449 3035 qui
472 2970 574 3016 eorum
596 2953 740 3035 stipendia
762 2954 883 3016 emerita
905 2958 956 3016 eut
977 2972 1093 3033 causas,
1115 2955 1222 3037 quibus
1245 2956 1283 3020 de
1303 2977 1379 3023 cau·-

195 3042 239 3105 sis
262 3040 341 3103 missi
364 3039 428 3103 lieri
449 3038 591 3118 debeant,
612 3039 751 3118 babeant,
773 3040 811 3102 ed
833 3039 910 3103 hunc
931 3039 1067 3107 ordinem
1085 3042 1203 3122 relerri,
1224 3051 1256 3107 ut
1278 3063 1382 3110 eorum

195 3127 272 3191 ratio
301 3127 443 3191 iubeatur
472 3144 638 3207 causaeque
668 3134 896 3207 cognoscantur.
940 3126 971 3191 Si
999 3128 1064 3210 quis
1093 3128 1159 3192 huic
1187 3146 1212 3194 s.
1235 3149 1262 3193 c.
1284 3131 1381 3195 inter-

197 3215 349 3294 cessisset,
371 3214 486 3278 senatni
507 3213 625 3295 placere
648 3215 849 3277 auctoritatem
871 3213 1016 3295 perscribi
1037 3220 1067 3278 et
1089 3213 1127 3278 de
1148 3233 1185 3277 ca
1202 3235 1236 3279 re
1251 3216 1288 3281 ad
1303 3219 1381 3285 bunc

197 3301 331 3365 ordinem
353 3300 468 3364 relerri.
492 3335 533 3346 —
557 3300 631 3363 Huic
652 3317 677 3367 a.
701 3319 727 3363 c.
749 3300 916 3365 intercessit
937 3300 969 3364 C.
992 3297 1118 3382 Coelius,
1142 3302 1173 3366 G.
1195 3303 1300 3386 Pansa,
1323 3306 1380 3371 tri·

195 3388 269 3452 huni
292 3387 330 3471 pl.

300 3489 358 3554 illl.
401 3490 532 3571 itemque
554 3491 667 3555 senatui
689 3490 807 3573 plaeere
829 3491 858 3555 iu
881 3490 1006 3555 Ciliciam
1034 3493 1230 3575 provinciam,
1258 3495 1289 3560 iu
1310 3503 1380 3562 octo

197 3577 328 3662 rebquas
347 3578 525 3659 pubium,
546 3596 624 3658 ques
643 3579 783 3658 praeterii
803 3596 859 3659 pro
881 3584 1020 3659 praelim
1041 3580 1223 3661 warns,
1244 3600 1309 3663 ees,
1331 3584 1382 3664 qui

197 3672 360 3748 rubruc
375 3663 512 3743 hermu
542 3683 642 3746 neque
664 3667 693 3727 in
714 3665 873 3746 prouier-
995 3667 1118 3748 imperio
1140 3666 1275 3749 lumbi,
1304 3684 1381 3751 ques

198 3770 305 3819 corun
325 3771 368 3815 en
387 3769 412 3815 s
435 3770 463 3815 c.
484 3770 552 3817 cum
572 3751 696 3832 imperio
717 3752 749 3814 in
769 3752 934 3831 proclames
955 3770 1013 3833 pro
1032 3759 1172 3833 mene
1189 3756 1263 3819 milti
1285 3773 1382 3839 oper-

197 3845 285 3917 κτα,
307 3856 364 3905 cos
382 3840 486 3904 sorllto
507 3839 539 3903 is
559 3838 732 3921 provtucbs.
749 3839 821 3902 miili
842 3838 975 3920 plaeere:
998 3839 1024 3902 si
1046 3857 1088 3902 ex
1107 3858 1145 3904 eo
1168 3858 1382 3925 remereqros

198 3944 239 3991 u
258 3943 283 3991 s.
305 3943 333 3989 o.
354 3926 385 3989 in
406 3926 574 4007 morineias
601 3927 646 3988 ire
668 3930 836 4007 oporteret,
865 3924 901 3988 ad
923 3943 1076 3989 numum
1101 3944 1161 3990 nor
1182 3936 1301 4009 ment,
1329 3930 1382 4011 qui

198 4013 230 4075 in
252 4030 304 4077 cns
326 4012 491 4094 permotas
513 4012 784 4093 proficiscerentur:
813 4018 875 4075 tum
903 4012 944 4074 eti
971 4011 1110 4093 quodque
1139 4013 1296 4097 cobepiunr
1316 4017 1382 4097 psi-

196 4117 279 4165 rnum
308 4105 476 4181 modorum
506 4098 628 4176 luisset,
658 4116 755 4179 neque
784 4099 813 4161 in
843 4099 1012 4181 prouineiro
1038 4098 1165 4180 poteett
1193 4107 1311 4181 essent,
1340 4102 1381 4167 ito

197 4193 282 4253 corle
303 4186 334 4250 in
353 4185 534 4267 prouinciam
555 4185 831 4267 proficiscerentur:
861 4186 888 4249 si
907 4184 927 4247 ii
949 4183 987 4249 ed
1008 4204 1163 4250 rumorum
1189 4204 1251 4255 nou
1269 4197 1381 4271 essent,

305 4427 333 4496 i)
351 4429 429 4483 verbs
446 4429 515 4483 lecit.
533 4455 565 4465 -
590 4426 620 4495 2)
638 4429 670 4482 de
688 4446 720 4482 ec
737 4446 765 4482 re
781 4432 816 4481 itu
833 4436 992 4482 censuerunt.
1011 4455 1041 4466 -
1060 4427 1090 4496 3)
1107 4439 1259 4500 reumque
1276 4429 1380 4483 musul-

198 4508 261 4559 tum.
285 4524 320 4537 ·-
345 4497 375 4567 d)
392 4500 478 4565 loom
493 4508 640 4567 corruptum
661 4497 770 4557 Orsliiur
794 4502 828 4551 its
852 4499 1031 4565 menesatem
1053 4501 1165 4561 septies:
1188 4518 1228 4560 ree
1243 4515 1276 4553 ec
1289 4501 1382 4555 tudere

197 4566 325 4624 abduces.
342 4596 374 4609 -
393 4566 423 4637 5)
439 4570 581 4625 intercessit
596 4584 680 4625 uerno.
697 4593 731 4606 -
749 4565 779 4635 6)
796 4584 825 4623 rc
842 4564 943 4639 publica
959 4568 1050 4639 pondi
1063 4573 1161 4633 respui
1176 4568 1310 4636 Meu
