3106 5122
221 434 285 500 878
555 435 632 491 hrot.
650 437 787 505 pratense.
821 434 883 503 ῦιρ.
900 435 933 489 ll.
962 434 1081 495 ‘ramim

187 594 191 603 “
219 594 337 657 simlero
358 591 414 658 hac
442 595 567 658 ursninaa
589 613 629 657 ex
651 612 743 661 cauas
772 596 1001 676 concupivisse,
1030 595 1072 657 nti
1104 593 1225 677 patriam
1246 611 1330 657 snam
1352 602 1415 658 tum

148 712 154 721 ·
218 688 352 746 emmam
374 690 435 745 tum
465 684 501 745 ala
532 684 668 745 ιιιιιιιιιιιιι
698 684 811 745 iniuriis
845 689 934 745 tutam
955 681 1137 763 detensamq.
1167 687 1343 763 praestaret,
1365 681 1415 744 in·

153 782 156 793 ’
218 769 303 831 terim
330 777 400 850 aput
429 768 542 833 iudices
572 789 589 831 a
620 770 748 831 Caesare
777 769 863 832 datos
892 771 1008 831 interim
1037 776 1106 848 aput
1127 771 1223 850 ipsum
1244 771 1413 849 imperato-

219 874 284 918 rem
307 857 404 920 causis
425 856 549 937 publicis
572 855 793 937 patrocinando,
815 872 891 936 tqttos
915 874 982 917 cum
1014 856 1127 919 iusticia
1155 855 1245 918 divini
1268 856 1412 938 Principis

171 978 172 983 κ
218 950 279 1007 trm
300 962 353 1006 sna
374 945 481 1006 eximia
503 961 540 1005 ac
561 942 789 1025 prudentissima
812 944 948 1007 oratione
970 960 1091 1023 semper
1114 942 1199 1005 nobis
1221 958 1289 1004 cum
1312 944 1413 1005 vieto-

218 1031 263 1092 ria
284 1029 430 1093 firmiores
451 1032 563 1092 remisit
570 1052 579 1106 3
609 1032 806 1111 estproximo
829 1046 918 1105 voro,
950 1037 982 1092 ιιι
1004 1029 1206 1093 manifestatur
1233 1029 1413 1093 caelestibus

217 1116 322 1179 litteris
344 1118 486 1181 Antonini
506 1117 586 1200 Aug.
610 1117 667 1194 Pii,
699 1124 756 1178 tam
786 1116 914 1179 feliciter
944 1115 1124 1178 desiderium
1153 1116 1301 1197 publicum
1333 1116 1412 1198 apud

219 1222 286 1266 eum
309 1204 347 1267 sit
368 1211 548 1285 prosecutus
569 1203 768 1285 impetrando,
800 1211 833 1266 ιιι
865 1201 951 1265 Oarui
973 1201 1130 1283 catulique
1146 1203 1275 1265 attributi
1298 1221 1315 1266 a
1337 1203 1411 1265 Dino

187 1292 189 1297 “
217 1291 355 1373 Augusto
378 1293 428 1355 l'io
451 1292 495 1354 rei
518 1291 653 1371 publicae
676 1297 796 1353 nostrae
826 1297 916 1371 prout
945 1291 997 1370 qui
1027 1290 1206 1352 meruissent
1228 1291 1286 1352 vita
1316 1290 1412 1371 adque

220 1396 313 1441 censu
334 1397 390 1459 per
411 1377 563 1440 aedilitatis
585 1377 711 1459 mudum
734 1378 763 1439 in
787 1378 896 1439 curiam
919 1384 1050 1439 nostram
1067 1376 1292 1439 admitterentur
1307 1395 1344 1439 ac
1358 1395 1412 1457 per

218 1465 277 1529 hue
299 1467 445 1528 civitatem
467 1482 616 1527 romanam
638 1465 858 1545 apiscerentur,
879 1470 909 1523 et
932 1465 1077 1525 aeranem
1101 1468 1234 1526 nostrum
1257 1462 1360 1525 ditavit
1381 1469 1412 1524 et

219 1553 328 1615 curiam
350 1561 479 1615 nostram
495 1552 652 1632 comptavit
668 1557 697 1611 et
712 1553 877 1613 nniversam
893 1568 985 1630 remp.
1009 1550 1043 1611 tt.
1058 1568 1126 1612 cum
1140 1551 1226 1611 novis
1242 1549 1369 1614 coloniis
1382 1546 1411 1633 ¹)

220 1639 364 1721 ampliavit
385 1638 564 1701 admittendo
587 1637 623 1700 ad
646 1639 789 1700 honorum
807 1638 1042 1699 communionem
1065 1645 1096 1698 et
1117 1638 1337 1718 usurpationem
1355 1654 1411 1699 ro-

220 1745 323 1791 manae
345 1727 470 1788 ciuitatis
494 1734 523 1788 et
545 1726 683 1805 optimum
707 1733 737 1786 ot
763 1724 1024 1806 locupletissimum
1047 1741 1213 1805 quemque,
1243 1730 1276 1785 ut
1296 1723 1412 1786 scilicet

221 1814 271 1896 qui
294 1814 469 1877 alluerant
492 1818 600 1874 tantum
624 1815 652 1872 ιἰι
675 1810 791 1874 redditu
814 1812 985 1893 pecuniario
1008 1830 1085 1872 nunc
1107 1817 1136 1872 et
1151 1813 1179 1872 in
1195 1810 1245 1873 illo
1262 1810 1327 1892 ipso
1351 1809 1410 1871 tlu-

219 1902 288 1982 plioi
311 1900 427 1982 quidem
449 1918 503 1980 per
526 1898 702 1961 honorariae
725 1899 956 1960 nutrieratiouem
984 1898 1207 1978 repperiantur,
1237 1903 1269 1961 ut
1298 1904 1329 1959 et
1355 1898 1411 1978 ipsi

219 1989 288 2066 sint,
312 2006 378 2049 cum
402 1988 508 2067 quilius
532 2004 651 2049 mouera
675 1984 885 2047 decurionatus
907 1986 963 2046 iarn
977 1990 1008 2045 ut
1024 1986 1124 2065 paucis
1140 1988 1270 2047 onerosa
1284 1982 1412 2047 honeste
1490 2052 1494 2061 ¹

220 2070 257 2135 de
280 2075 368 2155 pleno
390 2075 632 2154 cunipertiaurur3
655 2071 751 2151 adque
773 2074 898 2154 gratiam
919 2068 1080 2133 habandona
1103 2079 1135 2133 ιιι
1150 2070 1313 2133 insaecula
1334 2088 1409 2151 per-

222 2179 389 2223 mansuram
412 2158 555 2225 eiusmodi
578 2158 724 2221 beneficio
753 2164 926 2241 oportuerat
954 2157 1071 2237 quidem
1093 2159 1120 2220 si
1141 2158 1205 2221 fieri
1227 2163 1347 2238 posset,
1375 2176 1411 2221 ao

220 2249 245 2315 si
275 2245 455 2310 verecundia
493 2246 645 2309 clarissimi
681 2244 735 2307 viri
765 2245 948 2326 perunitteret
977 2246 1131 2307 universos
1161 2263 1215 2307 nos
1245 2240 1409 2327 Romam²j

219 2336 266 2397 ire
289 2342 319 2395 et
339 2335 449 2416 gratias
472 2332 500 2394 ei
521 2333 601 2405 iuxta
622 2333 760 2412 optimum
782 2332 944 2413 principem
967 2348 1076 2413 argeum
1098 2331 1153 2394 sed
1175 2332 1314 2412 quoniam
1337 2350 1409 2395 cer-

223 2428 283 2487 tum
303 2427 349 2485 est
364 2420 460 2498 nobis,
484 2437 644 2482 onerosum
666 2419 694 2480 ei
716 2417 846 2481 luturmn
870 2418 927 2481 tale
942 2427 1076 2482 nostrum
1091 2418 1229 2498 oilrcittrn,
1250 2418 1314 2483 illut
1328 2426 1411 2483 certe

103 2562 106 2573 ,
223 2507 357 2591 proxime
380 2507 445 2569 lieri
467 2514 623 2588 oport...
646 2523 685 2567 no
707 2512 830 2568 statuam
847 2507 873 2566 ci
889 2513 1019 2568 auratam
1033 2512 1203 2586 equestrem
1218 2507 1314 2586 primo
1330 2524 1411 2586 quo·

178 2610 182 2617 ·
223 2614 283 2677 quc
306 2602 439 2677 tempora
461 2595 492 2656 in
524 2592 717 2655 celeberrima
745 2592 802 2654 lori
833 2594 926 2655 nostri
948 2601 1030 2673 parte
1060 2593 1130 2675 poni
1152 2601 1183 2654 et
1208 2594 1237 2655 iu
1259 2593 1324 2655 basi
1345 2593 1410 2656 eius

222 2684 298 2748 hanc
321 2690 451 2745 nostram
474 2681 703 2745 consensionem
726 2679 823 2759 adque
844 2680 901 2742 lma
921 2678 1073 2743 decretum
1088 2680 1216 2756 inscribi,
1239 2682 1282 2745 uti
1295 2678 1334 2741 ad
1352 2698 1412 2761 po·

220 2780 318 2835 steros
341 2776 461 2833 nostros
486 2776 541 2830 ιιιιιι
564 2766 699 2831 voluntas
722 2766 889 2846 amplissimi
913 2766 968 2829 riri
991 2784 1079 2848 quam
1103 2764 1187 2829 lacta'
1203 2773 1411 2851 permaneuut3

220 2859 339 2939 patique
361 2876 379 2918 a
401 2855 490 2918 Fabio
515 2856 594 2917 Vero
618 2855 741 2936 egregio
770 2855 833 2915 riro
856 2858 939 2935 patro
962 2850 1081 2930 Seueri,
1111 2855 1152 2915 uti
1175 2853 1411 2933 quandoquidem

221 2950 252 3005 et
274 2951 469 3006 nutrimentum
492 2942 549 3003 ltoo
571 2941 664 3021 ipsius
686 2942 725 3003 sit
746 2940 957 3020 prouidentiae,
981 2959 1040 3020 qua
1061 2958 1125 3002 reru
1148 2941 1293 3020 publicam
1307 2940 1344 3001 N.
1360 2942 1411 3002 in-

221 3030 359 3111 fatigabili
382 3047 453 3093 cura
474 3028 631 3109 gubernat,
653 3022 684 3089 e't
705 3030 735 3090 iu
759 3022 816 3089 hoo
838 3028 943 3108 pignus
965 3026 1073 3106 publici
1095 3025 1242 3106 beneficii,
1265 3027 1346 3107 qnod
1362 3035 1410 3090 ta-

221 3118 279 3180 lem
302 3118 386 3181 nobis
409 3123 440 3177 et
462 3116 591 3196 imperio
611 3114 704 3176 civem
729 3116 896 3195 procreavit
917 3119 1006 3194 atque
1028 3113 1183 3183 loturauit,
1213 3114 1297 3177 cuius
1321 3132 1411 3195 opera

222 3204 348 3285 studioq.
373 3210 403 3265 et
423 3204 589 3283 ornatiores
613 3207 642 3262 et
666 3202 787 3264 tutiores
812 3202 841 3262 in
873 3200 936 3261 dies
959 3218 1014 3263 nos
1041 3203 1135 3281 magis
1158 3196 1314 3285 magisque
1336 3219 1410 3264 sen·

224 3294 336 3369 tiamns,
359 3291 398 3352 nti
422 3309 457 3351 ca
481 3288 626 3369 placuisse
650 3287 677 3347 in
701 3288 775 3349 lianc
798 3305 860 3348 rem
883 3287 1040 3350 adsensum
1063 3305 1148 3349 suum
1172 3286 1266 3369 legari
1288 3286 1411 3350 mauda-

221 3379 306 3457 rique
329 3377 384 3439 sibi
400 3379 563 3456 permittat,
586 3374 626 3436 uti
649 3375 758 3453 gratias
781 3375 898 3454 publice
922 3373 1083 3436 clarissimo
1106 3375 1169 3437 tiro
1193 3373 1332 3437 mandatu
1353 3392 1410 3438 uo-

220 3471 283 3526 stro
307 3471 374 3545 agat
397 3471 426 3523 et
446 3459 587 3542 gaudiam
615 3462 821 3523 universorum
843 3462 1089 3543 singulorumque
1118 3479 1154 3524 ae
1175 3460 1357 3525 voluntatem
1379 3467 1412 3525 ut

222 3551 363 3634 nragister
384 3549 482 3610 talium
504 3566 602 3610 rerum
624 3547 654 3607 in
677 3548 808 3611 notitiam
832 3549 897 3610 eins
919 3548 1059 3628 praeierat.

327 3636 520 3699 Censuerunt.

327 3763 419 3819 1754.
462 3758 497 3820 Τ.
517 3756 632 3820 lloenio
656 3756 780 3837 Severo,
802 3756 840 3821 ll.
863 3756 1004 3822 Peduceo
1027 3756 1161 3821 laiseino
1183 3752 1293 3840 coast)
1316 3755 1354 3821 lll
1375 3756 1409 3821 ll.

173 3886 176 3898 ·
221 3844 292 3911 Dec.
316 3846 434 3911 Deerat.
458 3844 559 3908 decur.

325 3950 411 4024 Quod
433 3950 465 4012 C.
487 3949 611 4015 caesim
633 3950 776 4014 silvester
798 3950 827 4011 Ρ.
851 3950 882 4012 Ρ.
897 3949 933 4012 V.
949 3950 981 4012 F.
1003 3948 1142 4012 detrinm
1165 3950 1307 4012 Ferocem
1330 3949 1413 4013 Gen-

222 4045 281 4100 tar.
304 4037 361 4122 leq.
384 4039 417 4101 ll.
440 4038 557 4100 Traian.
580 4037 675 4103 fortis
704 4056 758 4119 per
781 4039 961 4101 incrementa
983 4036 1094 4119 gradus
1117 4037 1240 4099 militiae
1260 4043 1332 4100 suae
1354 4043 1413 4099 tam

224 4126 347 4209 singulis
375 4143 462 4207 quam
490 4127 565 4208 reip.
594 4143 624 4187 ιι.
655 4125 793 4206 quotiens
822 4140 947 4187 necesse
984 4125 1038 4187 luit
1067 4123 1188 4190 multum
1217 4125 1411 4205 praestitisse,

328 4384 358 4453 t)
375 4391 520 4441 coniectura
538 4396 577 4441 cst
594 4387 736 4455 uniiuga,
760 4389 844 4457 quiin
862 4387 947 4454 lapide
966 4387 1031 4440 haee
1060 4396 1145 4440 ιιιιιιιιι
1162 4388 1273 4439 invenit:
1291 4402 1369 4454 remp.
1387 4403 1413 4437 ιι.

223 4475 279 4509 esra,
296 4460 365 4510 ie...
381 4459 432 4509 att·
449 4458 588 4525 ampliavit
606 4458 745 4510 Kandlerns
763 4459 839 4540 legit:
858 4474 935 4525 remp.
951 4474 978 4509 ιι.
991 4476 1047 4509 cam
1059 4458 1185 4525 ammaim
1201 4456 1271 4509 node
1283 4455 1413 4523 Zumptias

223 4530 332 4580 canionis
349 4526 497 4597 legandum:
519 4545 599 4594 amp.
616 4545 641 4578 aa
660 4530 724 4582 ctos.
749 4542 848 4595 upupam
864 4528 880 4579 i.
897 4542 922 4579 ο.
941 4525 1010 4592 (rena
1027 4528 1154 4596 publicana
1178 4534 1291 4581 ιιοιιιιιιι
1316 4523 1414 4578 ciuibus

226 4594 359 4667 egregiis).
382 4624 415 4635 ·-
434 4594 464 4663 2)
482 4595 542 4650 Post
558 4597 616 4650 Chr.
636 4596 692 4651 141.
