3080 5112
216 404 284 477 252
553 404 780 474 russorum.
815 402 878 476 ces,
895 404 928 463 u
959 405 1081 475 rouro.
1164 382 1168 399 ‘
1211 460 1214 467 .

218 571 302 644 capto
324 568 427 628 eurota
449 562 545 628 ablata
565 564 718 628 conciliata
740 577 887 630 svorsrve
908 562 1059 628 reddentia
1075 565 1142 645 erit,
1162 563 1193 628 id
1211 563 1329 631 ieitibus
1342 564 1410 631 siu-

216 651 294 734 gulis
315 651 502 729 aestumatio,
525 648 638 715 iudices
660 652 730 735 quei
753 670 794 717 ex
815 653 888 715 traco
910 652 979 736 tege
1000 651 1090 717 testei
1111 659 1214 729 eruut,
1244 654 1411 719 incertam

216 755 357 802 surumam
380 737 557 820 rediguuto,
579 738 618 801 ite
641 745 737 803 umen
761 740 822 802 utei
844 744 1027 805 aestumetur
1050 737 1129 823 quod
1152 748 1221 802 ante
1243 740 1337 807 baare
1359 741 1410 803 ie-

217 842 287 907 gem
309 831 441 906 rogatam
464 825 650 889 convincitur
680 831 797 906 captum
820 833 955 888 eoactum
977 819 1120 909 athiutum
1142 844 1282 890 avorsum
1303 827 1412 891 couci-
1472 898 1476 903 ,

216 912 355 976 liatumve
377 927 456 987 esse,
479 929 514 975 aa
537 928 587 974 res
610 913 704 977 omnis
726 911 839 994 simpii3
863 918 998 975 caeteras
1019 929 1069 975 res
1093 913 1187 976 amuis
1209 908 1322 998 quo[d]
1340 919 1411 995 post

219 998 312 1066 harae
334 995 432 1079 legem
454 1003 587 1080 rogatam
610 990 829 1081 co[uvincit]ur
845 1005 964 1081 raptum
980 1005 1112 1063 coactum
1128 998 1253 1063 ablatum
1268 1019 1410 1065 avorsum

216 1083 440 1147 conciliatumva
463 1102 541 1161 esso,
565 1083 644 1165 dupli
651 1106 662 1161 3
683 1082 773 1164 idque
795 1084 832 1146 ad
856 1080 1065 1169 qu[uestorom
1084 1088 1157 1166 quoi
1174 1087 1318 1151 aerarium
1333 1105 1411 1168 pro-

218 1172 315 1234 vincia
337 1170 501 1247 obvenerit,
523 1170 691 1253 redigunto.
716 1172 765 1235 Sei
788 1172 852 1251 quis
874 1173 913 1234 ita
935 1171 1041 1233 iudieei
1063 1174 1133 1251 quei
1155 1190 1218 1234 eam
1234 1191 1295 1235 ram
1312 1192 1411 1254 quae-

216 1258 300 1320 sierit
322 1257 506 1339 consilioque
529 1261 593 1318 eius
615 1258 736 1321 maiorei
760 1259 835 1338 parti
858 1256 1044 1334 satisfecerit,
1067 1259 1148 1343 regis
1170 1260 1327 1340 populeive
1341 1262 1410 1322 cei·

217 1346 301 1407 visua
323 1345 389 1406 suoi
412 1344 529 1407 montius
551 1362 655 1407 eorum
677 1343 713 1407 sd
734 1362 810 1426 quos
827 1362 862 1406 ea
879 1345 1004 1426 pequnia
1020 1342 1216 1430 perveneritJ,
1238 1347 1410 1429 parentisva

218 1431 284 1495 suei
305 1431 414 1510 quoive
436 1432 501 1513 ipse
522 1426 668 1511 pareusve
697 1448 770 1494 suos
794 1430 881 1492 ireres
909 1433 982 1509 siet,
1005 1430 1092 1501 titem
1115 1438 1304 1495 aestumatum
1327 1451 1410 1512 esse,

218 1518 327 1598 queive
350 1518 406 1579 eiei
428 1516 516 1580 iudici
538 1516 721 1599 consilioque
744 1518 809 1581 aius
831 1517 954 1579 maiorei
976 1510 1067 1601 q'ra[rti
1085 1515 1174 1604 se]tis
1188 1517 1304 1599 iecerit,
1324 1521 1410 1604 regis

161 1604 163 1609 ’
216 1602 375 1687 poprietve
393 1604 527 1678 ¹oetvtsve
549 1606 615 1667 soei
638 1605 756 1668 nomina
779 1604 858 1667 litem
881 1608 1071 1668 aestumatum
1093 1622 1161 1668 esse
1183 1606 1276 1687 ribei,
1298 1603 1410 1691 qu[um

218 1709 256 1754 eo
279 1689 403 1772 amplius
425 1691 502 1753 sotio
525 1689 563 1752 de
586 1693 747 1755 sarensi
773 1698 848 1755 esto.

717 1794 810 1878 Caput
832 1794 907 1859 XIX.

319 1882 364 1945 Da
387 1882 516 1965 pequuiu
541 1881 695 1946 solvenda.
739 1882 788 1949 Sei
810 1885 874 1965 quis
897 1883 989 1947 seivis
1019 1901 1158 1949 romanus
1181 1900 1222 1946 ex
1243 1882 1317 1947 hare
1337 1881 1410 1967 lege

214 1970 370 2052 troquniam
392 1970 429 2032 ab
452 1969 550 2050 atiquo
573 1971 725 2051 petiverit,
748 1971 817 2051 quei
840 1972 879 2034 ite
900 1970 973 2034 satis
995 1969 1116 2048 iecerit,
1139 1969 1228 2034 iudex
1250 1970 1321 2053 quei
1342 1990 1409 2035 eam

215 2076 279 2118 rem
302 2057 472 2136 quaesierit,
495 2056 584 2118 tacito
607 2057 667 2121 utei
690 2057 746 2119 aiei
769 2059 897 2139 pequnia
920 2077 995 2139 quas
1018 2052 1073 2145 ex]
1097 2056 1170 2121 haue
1188 2056 1257 2138 leqe
1272 2060 1301 2121 iu
1316 2074 1410 2121 aera-

217 2144 263 2206 rio
285 2143 382 2224 posita
405 2143 478 2220 erit,
508 2144 545 2206 ob
568 2160 633 2205 eam
655 2161 718 2206 rem
764 2144 883 2207 uedeo
906 2144 1023 2206 nornine
1047 2144 1082 2208 iis
1104 2151 1267 2208 aestumata
1289 2146 1356 2224 erit,
1377 2145 1410 2208 iu

216 2228 312 2292 triduo
337 2246 497 2309 proxsumo
521 2247 583 2310 quo
605 2231 643 2291 ita
665 2162 886 2314 satisfieeeritt
910 2250 949 2293 ex
971 2230 1044 2293 hece
1064 2230 1131 2314 iege
1148 2230 1290 2294 solvatur.
1313 2230 1410 2296 Naive

216 2316 282 2396 quis
304 2314 395 2377 iudex
415 2316 504 2377 reive
525 2323 668 2396 quaestor
689 2316 779 2379 tacito
800 2318 902 2381 scieas
923 2316 993 2380 doio
1013 2313 1108 2401 m[eio
1130 2318 1288 2400 quominus
1305 2319 1334 2380 iu
1350 2319 1409 2381 tri-

217 2402 276 2465 duo
299 2418 462 2479 proxsrmo
484 2418 544 2484 quo
563 2405 602 2465 ita
616 2403 687 2465 setis
703 2401 819 2481 iecerit,
839 2404 1041 2469 uetustum...
1065 2404 1115 2469 Sei
1136 2403 1227 2467 ardea
1247 2406 1319 2486 quei
1340 2423 1409 2468 esar

216 2504 279 2552 rem
302 2489 479 2571 quaesierit,
509 2490 618 2569 queive
639 2489 730 2552 iudex
751 2489 852 2552 iacere
880 2493 980 2554 iussus
1009 2490 1099 2554 fuerit
1121 2492 1181 2554 utei
1202 2490 1239 2553 ad
1261 2500 1410 2573 quaesto·

216 2594 280 2640 rem
302 2574 491 2657 redigeretur
512 2595 548 2638 ea
570 2571 724 2660 pequnie],
746 2595 786 2639 ex
801 2575 856 2641 heo
872 2575 940 2661 iege
954 2578 1110 2659 pequniam
1125 2595 1242 2641 omnem
1257 2578 1294 2641 ad
1309 2596 1409 2660 qure-

217 2786 361 2847 eoroitieta
392 2802 520 2844 auersaue
550 2786 687 2851 reddenda
718 2787 788 2857 erit,
814 2786 841 2845 io
863 2787 952 2845 litium
980 2787 1092 2861 ¹siugulis
1121 2788 1266 2847 aestimatis
1294 2789 1409 2862 iudicas,

219 2873 265 2947 qui
286 2890 321 2930 ex
343 2874 393 2931 irae
415 2873 479 2945 iege
501 2873 563 2931 terti
586 2880 665 2930 eruut
687 2874 712 2932 io
736 2880 835 2931 eertum
863 2891 990 2935 summurn
1019 2875 1164 2947 rediqunio
1187 2877 1223 2933 ite
1245 2883 1349 2947 unse,
1379 2884 1409 2935 ut

219 2960 387 3031 aestimetur,
416 2960 489 3034 quod
512 2967 573 3017 aute
595 2962 663 3019 haee
694 2962 783 3032 legem
804 2968 927 3033 rogatam
957 2961 1122 3019 rouuiuoitur
1150 2970 1255 3037 septum
1286 2969 1410 3025 maura

217 3047 332 3125 rtietuqu
363 3064 483 3105 auersum
514 3048 716 3105 eoociimtumue
746 3065 823 3119 esse,
853 3065 885 3113 ea
908 3064 951 3109 res
980 3049 1065 3105 omnir
1087 3048 1188 3124 simpii,
1218 3056 1323 3108 aeterra
1352 3068 1408 3122 res,

218 3135 290 3208 quod
313 3141 376 3208 post
397 3136 464 3191 irrue
486 3135 574 3206 iugem
598 3141 719 3206 rogatum
744 3135 910 3192 conuincitur
932 3140 1036 3209 raptum
1055 3143 1176 3193 eoactum
1193 3137 1309 3195 abietum
1323 3154 1408 3197 eser·

219 3238 275 3279 suar
298 3220 500 3279 conciliatumue
523 3239 592 3291 esse,
615 3221 697 3295 dupli,
720 3221 799 3296 idque
822 3221 856 3278 ad
870 3222 1054 3292 Quaesturam,
1078 3223 1119 3279 eui
1142 3223 1272 3279 aerarium
1293 3218 1443 3297 proris-¹³

218 3308 258 3365 eia
281 3307 421 3364 obuenerit
443 3308 593 3378 rediguuto.
638 3309 725 3380 Siquis
749 3309 783 3363 ita
806 3308 901 3379 iudici,
924 3310 968 3381 qai
991 3326 1050 3365 eam
1073 3326 1129 3366 rem
1153 3309 1313 3390 quaesierit,
1336 3327 1408 3367 ooa-

220 3394 331 3466 sitioque
354 3393 410 3449 eius
434 3394 524 3449 maiori
547 3393 614 3467 perti
637 3396 699 3452 ratis
722 3394 833 3467 iecerit,
862 3395 934 3469 regis
957 3396 1084 3470 pupuiiue
1116 3388 1216 3453 eiuisue
1238 3396 1277 3453 aui
1300 3396 1409 3455 nomios

220 3497 312 3538 eorum
336 3480 369 3536 ad
393 3496 459 3552 quos
483 3496 514 3535 ea
538 3480 650 3554 perrois
673 3483 826 3556 peruenerit
846 3482 998 3555 parentisue
1021 3482 1075 3554 sui,
1098 3483 1174 3541 cuiue
1196 3483 1254 3559 ipse
1276 3500 1410 3558 parsurus

218 3584 280 3625 suus
310 3567 388 3624 ireres
418 3566 468 3638 rit,
498 3567 570 3623 titem
600 3568 762 3625 aestimatam
791 3584 867 3643 esse,
896 3569 975 3643 quiue
998 3570 1022 3625 ei
1045 3569 1123 3626 iudici
1154 3569 1320 3645 consilioque
1350 3571 1409 3628 eius

221 3653 313 3712 maiori
336 3652 405 3729 parti
427 3653 490 3710 sutis
512 3653 607 3710 iecerit
629 3654 702 3727 regis
724 3656 850 3731 populius
872 3656 971 3712 ciuism
994 3654 1033 3713 sui
1056 3657 1161 3715 romine
1184 3656 1257 3715 litem
1278 3658 1409 3716 uestime-

218 3746 271 3798 tem
295 3756 354 3799 esse
376 3738 444 3811 sibi,
467 3756 525 3796 eum
548 3757 583 3798 eo
606 3740 716 3817 amptius
739 3743 810 3800 aetio
833 3742 868 3799 de
891 3760 922 3801 ea
944 3759 974 3799 re
996 3760 1030 3801 us
1053 3751 1123 3802 esto.

723 3847 807 3923 Caput
828 3846 899 3905 xlx.

324 3930 363 3990 De
385 3931 499 4009 peruris
520 3933 659 3993 soluendo.
703 3934 790 4009 Siquis
813 3933 877 3993 uiuis
899 3936 1030 3997 Romanus
1054 3954 1088 3997 ex
1112 3937 1161 3997 itao
1183 3937 1411 4012 lacerarentur

220 4019 254 4076 ab
277 4018 367 4093 atiquo
389 4019 530 4094 petiuerit,
553 4020 597 4095 qui
620 4022 656 4078 ita
679 4021 743 4078 setis
766 4022 877 4093 iuuerit,
903 4023 1002 4094 iudex,
1025 4024 1070 4099 qui
1093 4041 1151 4083 earu
1174 4041 1230 4081 reor
1252 4022 1410 4097 quaesierit,

220 4104 302 4164 irrito
325 4113 354 4162 ut
375 4106 400 4163 ei
422 4107 552 4181 peeoris,
583 4124 651 4180 quse
673 4123 709 4163 ex
730 4110 780 4166 irre
809 4110 872 4181 iege
895 4108 921 4166 iu
944 4111 1048 4169 aerario
1071 4111 1158 4185 posita
1186 4111 1252 4181 erit,
1282 4112 1318 4167 ob
1349 4130 1410 4170 eam

218 4209 290 4264 rem,
312 4192 384 4266 quod
407 4210 442 4252 eo
465 4193 571 4251 nomiae
595 4194 626 4250 iis
648 4196 785 4252 aestimata
807 4196 874 4267 erit,
896 4197 922 4253 io
945 4197 1033 4255 triduo
1053 4197 1188 4272 proximo,
1210 4214 1264 4271 quo
1287 4198 1323 4254 ita
1344 4200 1410 4256 suos

164 4272 166 4277 ’
218 4278 322 4350 iecerit,
345 4297 381 4336 ex
402 4282 453 4338 tre
475 4280 539 4353 tege
561 4281 688 4353 soluetur,
711 4298 781 4339 reue
804 4283 862 4356 quis
883 4283 965 4340 iudex
987 4300 1056 4341 nere
1072 4284 1207 4352 Quaestor
1222 4284 1305 4341 iaoito
1321 4284 1409 4343 soiers

218 4365 284 4423 riote
304 4365 377 4424 meto
397 4383 451 4440 quo
473 4368 556 4425 erious
578 4367 605 4425 ir
627 4368 715 4427 tritium
729 4371 865 4444 proximo,
887 4386 941 4444 quo
964 4371 1000 4428 ite
1022 4372 1086 4428 ratis
1110 4372 1214 4444 iurarit,
1228 4371 1409 4430 retortum...

220 4451 250 4509 Si
272 4452 362 4525 iudex,
384 4454 428 4527 qri
452 4470 510 4511 erm
531 4472 588 4511 reor
611 4455 772 4529 quaesierit,
794 4457 873 4529 quiue
893 4456 976 4514 iudex
999 4459 1090 4516 iaoere
1111 4458 1197 4516 iussus
1219 4458 1300 4516 tuerit
1322 4464 1352 4516 ut
1372 4460 1410 4517 sd
1479 4522 1481 4531 ,

219 4538 396 4608 Quaestorem
424 4540 595 4614 redigeretur
623 4559 657 4603 eu
684 4542 815 4618 peouuir,
844 4560 881 4601 ex
902 4542 955 4603 heo
982 4545 1045 4619 ieqe
1065 4544 1207 4620 perusiam
1234 4560 1342 4605 mrem
1372 4545 1408 4604 sd
