3080 5112
522 418 909 488 §.1.Leaorenpnolneno.
971 370 973 374 v
1161 512 1162 515 Ἴ
1246 417 1310 491 213

115 574 154 641 lli
164 574 211 640 vir
233 575 261 639 ei
283 574 362 641 eeiri
381 592 504 641 romono
533 576 687 641 oooiomve
712 577 878 643 nominirve
899 575 978 641 latini
1009 595 1113 661 egnum
1134 574 1232 641 ionum
1254 594 1311 641 eo·

119 662 247 727 dideinm
269 662 349 727 dedit
370 662 500 729 reddidit
521 663 701 746 adsignauit,
742 666 908 747 quoiveuh
929 683 968 729 eo
992 663 1134 727 heredive
1146 661 1175 748 ¹)
1198 666 1263 727 eius
1285 664 1311 728 io

14 780 16 783 ·
119 768 193 834 eger
207 750 294 814 toene
305 756 480 813 toetornento
495 748 648 815 hereditati
664 751 701 814 de
723 753 844 814 itionivo
855 753 975 815 obvenit
991 752 1195 827 obveneritve‚
1208 746 1312 833 [qud-

120 856 164 938 ve.
179 838 251 899 emit
272 833 448 920 oJmeritve‚
477 836 587 918 queive
605 839 642 901 nb
665 845 800 921 emptore
822 839 888 905 eiun
906 840 977 902 emit
999 838 1158 916 emeritum,
1188 838 1214 901 io
1236 856 1312 920 uper

120 929 461 1093 pnnugugfrinoogrum
485 1006 584 1075 locum
606 1008 769 1075 aedificium
795 978 889 1074 iilnir
911 1009 948 1072 de
971 1029 1008 1074 eo
1031 1030 1105 1097 egro
1134 1011 1201 1076 ioco
1224 1011 1312 1076 nodi-

120 1096 188 1161 icio
211 1114 266 1178 pro
289 1115 326 1159 eo
349 1116 424 1181 egro
446 1098 531 1176 ineo,
553 1096 627 1183 qu]0
650 1098 796 1161 coloniam
819 1098 973 1175 deduxsit,
996 1099 1040 1171 ¹ito
1070 1099 1130 1162 uiei
1159 1117 1184 1162 e.
1208 1116 1233 1161 s.
1255 1106 1312 1181 est,

14 1264 16 1267 Ι
119 1204 225 1267 ugrum
247 1184 344 1247 iocum
367 1183 527 1249 aedificium
551 1185 628 1247 dedit
652 1184 968 1265 reddiditudsignavit,
991 1186 1059 1265 quei
1082 1180 1218 1267 [praetor
1233 1204 1311 1250 eoo-

121 1271 204 1334 roive
229 1270 266 1332 de
290 1288 328 1334 eo
350 1288 423 1353 egro
455 1271 523 1333 loeo
546 1272 679 1334 eediiieio
702 1291 742 1334 ex
772 1272 800 1333 h.
824 1272 841 1335 Ι.
865 1273 910 1335 ius
933 1268 1048 1347 deiero,
1066 1273 1196 1361 'quode
1219 1291 1254 1336 ee
1277 1292 1312 1336 re
1417 1334 1430 1347 ,

121 1360 148 1420 in
171 1360 239 1420 inus
260 1356 368 1420 editum
392 1359 465 1433 erit,
488 1360 513 1420 is
536 1357 573 1419 de
596 1377 631 1419 eu
654 1378 687 1419 re
710 1360 748 1419 itu
772 1360 817 1421 ios
840 1356 967 1433 deicito,
998 1357 1228 1439 decernitoque,
1251 1359 1312 1422 utei

121 1446 327 1527 possesionem
349 1443 510 1507 seeundum
532 1441 616 1529 eum]
640 1444 818 1507 heredemve
848 1443 913 1506 eino
944 1444 1007 1520 det,
1038 1446 1108 1524 quoi
1131 1443 1166 1507 iii
1179 1446 1223 1508 vir
1245 1466 1311 1509 eum

122 1550 227 1613 ugrum
249 1530 345 1594 ioeum
367 1549 422 1611 pro
446 1549 483 1595 eo
506 1550 580 1612 egro
609 1533 676 1594 ioco
699 1550 758 1612 quo
780 1532 924 1594 enioniem
948 1531 1087 1607 deduxit,
1120 1529 1201 1592 dedit
1224 1527 1312 1614 [red-

120 1615 205 1702 didit]
230 1617 292 1680 odsi
314 1634 317 1635 ⁷
336 1620 442 1695 eritve,
464 1617 616 1699 facitoque
638 1620 663 1680 is
685 1637 729 1701 pr.
754 1618 912 1697 consone,
935 1636 994 1698 quo
1018 1617 1055 1679 de
1078 1636 1114 1679 en
1137 1619 1222 1679 rein
1245 1621 1311 1683 inus

122 1704 232 1767 editum
255 1632 341 1786 αξξ,
363 1706 424 1767 utei
446 1704 475 1767 id
496 1713 583 1769 recte
606 1704 674 1783 fiet,
703 1706 742 1767 itu
764 1707 825 1767 utei
847 1706 876 1767 ei
898 1723 915 1767 e
938 1722 972 1767 re
994 1705 1108 1786 pubiien
1122 1708 1124 1713 ’
1137 1704 1236 1769 fidere
1258 1724 1313 1770 sun

123 1791 279 1855 ridebitur.

641 1878 735 1960 Caput
756 1879 793 1942 Χ.
846 1908 850 1915 ·

225 1981 311 2064 Ager
332 1982 416 2046 ineos
439 1985 547 2058 omnis,
571 1984 639 2064 quei
662 1978 773 2067 eup]ru
793 1983 921 2065 scriptus
944 1989 1007 2060 est,
1037 1981 1117 2064 quod
1140 1983 1206 2046 eius
1228 1982 1313 2064 agnei

121 2069 196 2133 inoei
219 2075 290 2149 post
303 2068 341 2131 du
360 2070 379 2132 i.
402 2084 468 2151 rog.
492 2069 642 2153 publionm
663 2070 781 2151 popmei
802 2071 936 2133 romenei
959 2071 1034 2147 erit,
1056 2076 1141 2131 extre
1164 2088 1230 2132 eum
1254 2089 1312 2152 eg-

124 2151 199 2239 [rum
223 2156 321 2221 torem
343 2158 413 2236 quei
436 2176 510 2237 eger
532 2157 616 2220 loeus
639 2157 769 2238 exlege
791 2155 927 2237 piebeive
949 2158 1042 2233 seito,
1065 2156 1146 2236 quod
1168 2157 1199 2219 C.
1224 2156 1312 2219 Sem-

123 2244 246 2324 pronius
270 2242 313 2305 Ti.
337 2241 357 2305 f.
382 2249 419 2306 tr.
441 2244 479 2324 pi.
503 2261 585 2324 ung„
616 2251 771 2325 exceptum
795 2245 960 2306 neritumve
983 2250 1029 2305 est
1050 2244 1098 2304 net
1120 2242 1312 2322 divideretur,

124 2332 247 2410 ieoger
266 2330 397 2410 privatus
420 2332 470 2392 nei
491 2328 587 2414 esto]‚
618 2331 704 2391 neire
735 2332 760 2392 is
782 2348 857 2411 eger
874 2348 1081 2410 vcompescuere
1112 2338 1195 2406 eote,
1225 2335 1313 2392 neiee

124 2417 215 2480 ineo
236 2435 313 2498 egro
334 2434 437 2499 ugrum
460 2424 638 2498 occupatum
649 2412 681 2500 ²)
704 2418 821 2495 hahetn,
844 2415 1106 2494 neivedeiendito,
1130 2412 1203 2498 [quo
1218 2419 1313 2481 minus

124 2634 266 2684 amomon
287 2633 329 2684 ert
349 2644 384 2684 no
406 2628 588 2700 diuideretur,
617 2628 737 2685 triumvir
765 2628 790 2686 ei
812 2628 863 2684 riri
886 2645 997 2685 romono
1024 2627 1195 2683 remorumve
1222 2628 1313 2687 nomi·

124 2714 198 2772 inve
222 2713 295 2771 irtiei
324 2732 420 2787 ugrum
441 2716 530 2772 iocum
559 2716 704 2773 cedideion
728 2715 801 2772 dedit
824 2715 956 2784 reddidit,
983 2714 1149 2785 erumnam,
1180 2713 1258 2770 odiro
1279 2715 1313 2771 rb

124 2819 156 2858 eo
178 2801 317 2858 herodoto
338 2802 397 2857 einr
419 2802 442 2859 ir
465 2819 533 2872 eger
554 2803 629 2859 iocur
652 2809 813 2858 tertonento
839 2802 984 2859 heroditrti
1006 2800 1171 2857 deditioniro
1192 2801 1314 2872 obvemt,

124 2887 317 2957 ettenorum,
339 2888 418 2962 quire
442 2890 518 2959 emit,
541 2889 684 2961 emeriten,
707 2889 786 2962 quite
808 2890 843 2945 eb
864 2895 987 2962 emptore
1009 2889 1065 2944 eioo
1088 2888 1153 2944 emit
1172 2888 1314 2961 emeritvo,

123 2975 235 3048 hoger
255 2975 465 3049 privetueerto.
857 3012 862 3021 ·
952 2994 956 3003 ’
991 3012 995 3021 ·

227 3061 311 3129 Quen
334 3079 428 3134 aproni
455 3063 545 3121 ionum
568 3063 717 3120 rodidedum
748 3062 868 3139 trionrip
898 3062 932 3119 de
954 3078 989 3119 eo
1012 3076 1080 3133 ogre
1106 3061 1168 3117 iuno
1191 3061 1315 3121 reducto

123 3165 172 3224 pro
201 3164 238 3206 eo
267 3164 335 3221 epro
367 3150 447 3219 ineo,
483 3166 537 3222 quo
567 3152 699 3207 notorium
730 3151 841 3206 deduxit
869 3149 905 3205 itu
934 3150 971 3205 uti
1000 3165 1078 3222 eoprn
1107 3148 1233 3220 seriptum
1264 3155 1315 3218 ert,

125 3253 217 3307 ugrum
239 3236 327 3292 menn
350 3237 496 3293 rodidedum
519 3237 614 3306 dedit,
636 3236 766 3305 reddidit,
789 3237 955 3308 adsignavit,
985 3234 1031 3308 qui
1052 3241 1162 3308 praetor
1183 3235 1314 3291 oonsoive

125 3323 156 3380 do
180 3339 216 3380 oo
240 3337 308 3392 egro
338 3323 400 3379 ioco
430 3324 552 3380 nediiicio
583 3341 618 3379 ex
641 3326 690 3379 heo
721 3325 783 3395 iege
806 3323 844 3379 ior
868 3324 955 3393 diuet,
985 3339 1037 3396 quo
1061 3323 1096 3377 de
1118 3338 1149 3378 en
1173 3337 1203 3376 re
1225 3321 1251 3377 iu
1273 3322 1315 3377 iun

124 3411 222 3466 editum
245 3409 306 3479 erit,
328 3408 349 3465 io
373 3409 407 3465 do
430 3426 461 3467 ee
484 3427 513 3466 re
536 3410 571 3466 itu
594 3410 633 3466 ius
651 3410 748 3479 dicito,
770 3411 972 3484 docendumque,
996 3410 1031 3465 uti
1055 3406 1252 3483 poemenionem
1266 3426 1315 3464 ro·

125 3498 238 3555 eundum
262 3513 321 3553 eum
344 3495 506 3553 heredemve
528 3496 584 3553 eino
608 3497 663 3567 det,
686 3496 728 3553 eui
751 3496 870 3555 triumvir
894 3516 953 3555 eum
976 3514 1069 3567 ugrum
1094 3497 1181 3554 ineunt
1203 3511 1254 3569 pro
1278 3511 1314 3552 eo

124 3600 190 3656 egro
215 3585 292 3653 ioco,
321 3599 375 3656 qno
397 3583 530 3641 eoioniunr
552 3584 680 3654 deduxit,
710 3584 784 3640 dedit
806 3584 921 3641 reddidit
950 3583 1148 3654 resignatione,
1179 3581 1316 3655 ircitnnuo

125 3671 279 3745 inpurior
300 3669 446 3741 eumelio,
476 3687 530 3744 quo
553 3671 588 3727 do
611 3688 644 3727 eu
665 3687 695 3727 re
718 3670 743 3727 iu
766 3670 806 3727 ius
829 3671 928 3729 editum
950 3671 1018 3742 erit,
1049 3671 1086 3728 uti
1110 3670 1138 3729 id
1160 3676 1237 3725 reete
1258 3668 1315 3740 fiet,

124 3756 159 3819 itt
179 3758 220 3815 uti
240 3757 267 3814 oi
289 3772 305 3813 e
327 3773 358 3813 ro
379 3756 485 3831 pubiior
507 3757 595 3816 iideto
616 3775 664 3817 ron
686 3758 832 3815 videbitur.

650 3862 737 3936 crput
756 3861 792 3918 X.

225 3947 401 4020 Agerinum
424 3947 523 4019 omnir,
550 3947 594 4022 qui
616 3965 695 4023 supro
717 3949 829 4023 scriptor
852 3946 987 4021 estquod
1011 3946 1068 4005 eius
1093 3947 1151 4019 egri
1173 3946 1226 4007 inei
1250 3954 1315 4023 port

124 4033 191 4091 irone
212 4032 302 4105 iegem
324 4040 445 4106 reguiam
468 4035 600 4110 pubiicum
622 4035 714 4111 popuii
737 4035 838 4092 romoni
860 4034 1010 4103 eritextro
1030 4053 1089 4090 eum
1106 4052 1200 4107 ugrum
1218 4036 1316 4108 iocum,

126 4121 168 4194 qui
190 4137 258 4191 uper
280 4120 355 4176 innuo
378 4138 413 4177 ex
435 4121 498 4194 lege
520 4122 627 4196 piebive
649 4123 735 4191 reite,
768 4123 839 4196 qnod
867 4122 896 4179 0.
919 4121 1091 4195 Sempronius
1121 4121 1218 4179 Tiberii
1248 4124 1315 4180 lilius

126 4209 244 4265 tribunus
267 4207 353 4281 piebis
376 4209 483 4279 regerit
506 4216 647 4283 exceptum
671 4216 809 4267 euutunrro
832 4216 921 4265 estne
938 4208 1112 4279 divideretur,
1134 4208 1154 4264 iu
1171 4222 1238 4281 opor
1255 4209 1315 4283 pri·

126 4302 204 4351 uoto»
223 4311 258 4351 ne
280 4300 350 4365 erto,
372 4312 441 4352 neve
463 4295 484 4351 ie
508 4310 575 4367 oper
597 4312 772 4370 compascuus
795 4303 871 4367 erto,
893 4312 963 4355 uere
986 4296 1044 4368 quir
1067 4295 1091 4352 in
1115 4313 1149 4352 eo
1172 4313 1240 4369 egro
1263 4314 1315 4353 oe-

230 4495 259 4564 1]
276 4513 338 4567 pro:
356 4498 477 4553 bodone,
497 4524 526 4536 -
546 4496 575 4565 2)
587 4499 674 4552 tabule
691 4497 825 4552 mendeno:
843 4508 971 4570 ooupniem
988 4502 1054 4553 sieut
1070 4515 1129 4552 mox
1144 4499 1316 4552 maneum

128 4584 173 4634 pro
189 4569 373 4625 endum-re
