3106 5122
237 402 302 469 364
572 402 649 458 lasa.
667 404 797 474 petrum.
833 403 894 476 Gap.
911 403 941 458 tl
977 402 1094 458 Tabulae.

255 657 284 715 w
324 559 387 713 1,Ahd
400 580 457 713 ture
477 561 626 645 supplices
640 562 839 648 conlegerunt
854 581 944 648 reges
959 562 1132 628 Parthorum
1147 560 1291 628 tiridates
1313 567 1344 627 et
1365 581 1426 647 po-

237 667 253 714 s
285 667 303 713 a
367 668 463 728 raes,

760 756 831 819 Tab.
854 755 900 820 vt.

238 859 320 942 regis
341 858 454 922 Pbratis
477 858 561 939 lilius,
583 856 738 923 Medorum
758 860 959 941 Artavasdes,
989 860 1072 944 regis
1101 858 1310 924 Ariobarzanis
1339 856 1425 938 lilius,

237 963 329 1029 reges
350 945 554 1009 Britannorum
575 946 688 1011 Damno
711 946 925 1029 Pellaunusque
942 955 972 1012 et
987 947 1296 1011 Tim...Gimbrorurn
1318 945 1426 1025 Maelo,

236 1033 492 1098 Marcomanorum
520 1033 686 1097 Suebo...
735 1034 782 1097 Ad
811 1055 859 1097 rae
888 1054 943 1097 rex
972 1035 1145 1099 Parthorum
1173 1034 1311 1111 Pbratcs,
1342 1032 1426 1096 Oro-

240 1120 284 1182 dis
305 1119 399 1197 ldius,
429 1119 503 1182 lilios
532 1138 606 1183 suos
629 1128 813 1202 nepotesque
844 1124 937 1185 omnis
960 1123 1037 1184 misit
1058 1124 1087 1184 in
1102 1118 1234 1199 ltaliam,
1264 1138 1323 1183 non
1346 1119 1426 1183 bello

239 1213 395 1288 superatus
417 1206 471 1269 sed
500 1207 652 1269 amicitiam
677 1217 806 1271 nostram
828 1211 883 1291 per
912 1209 986 1272 baec
1007 1227 1128 1272 suoram
1157 1211 1282 1290 pignora
1304 1213 1409 1289 petens
1416 1227 1426 1282 3

239 1293 439 1377 plurimaeque
461 1294 535 1356 aliae
557 1300 661 1378 gentes
684 1304 826 1376 expertae
848 1303 918 1358 suut
935 1296 1034 1376 populi
1049 1296 1162 1358 romani
1175 1294 1261 1356 fidem
1277 1311 1325 1354 rae
1340 1294 1426 1374 prin-

240 1381 316 1462 cipe,
338 1381 444 1463 quibus
466 1388 551 1443 antea
574 1400 638 1443 cum
661 1381 770 1464 populo
794 1400 915 1447 romano
938 1381 1048 1446 nullum
1068 1380 1167 1446 luerat
1195 1382 1374 1462 legationum
1397 1388 1426 1443 et

239 1467 382 1530 auricitiae
404 1467 621 1531 commercium

341 1570 369 1635 A
392 1590 438 1634 rae
460 1580 567 1654 gentes
588 1573 759 1637 Parthorum
782 1581 813 1635 et
834 1572 987 1638 Medorum
1017 1574 1165 1654 petierunt
1193 1590 1248 1653 per
1278 1572 1425 1654 principes

240 1676 341 1721 earum
363 1660 496 1743 gentium
527 1678 679 1743 regesque
709 1679 763 1724 eos
792 1667 988 1742 aeceperunt,
1016 1660 1113 1722 Partlri
1144 1660 1316 1738 Vononem,
1344 1660 1426 1741 regis

237 1743 351 1809 Phratis
372 1746 470 1823 ldinnr,
492 1747 573 1828 regis
597 1746 705 1810 Orodis
728 1756 878 1828 nepotem,
899 1747 976 1811 Medi
999 1746 1238 1825 Ariobarzanem,
1260 1746 1343 1829 regis
1364 1747 1427 1808 Ar-

240 1830 370 1897 tavasdis
392 1832 493 1910 lulium,
514 1833 595 1916 regis
617 1833 827 1897 Ariobarzanis
850 1841 998 1916 nepotem.

340 1919 372 1982 ln
394 1920 549 1984 consulatu
570 1927 656 1983 sexto
680 1928 710 1982 et
730 1923 873 2003 septimo,
895 1927 1050 2003 postquam
1072 1920 1149 1983 bella
1171 1920 1265 1984 civilia
1287 1918 1428 1982 extinxe-

238 2023 321 2085 rarn,
348 2024 402 2087 per
425 2025 603 2070 consensum
633 2009 838 2070 universorum
861 2009 967 2071 civium
995 2008 1063 2071 mibi
1086 2006 1218 2069 traditam
1240 2025 1303 2069 ram
1326 2006 1428 2089 publi-

240 2111 305 2155 cam
328 2110 367 2155 ex
389 2111 454 2155 mea
476 2100 625 2175 potestate
646 2095 677 2156 in
700 2101 821 2158 senatos
849 2093 1009 2176 populique
1031 2095 1144 2159 romani
1167 2094 1318 2159 arbitrium
1341 2100 1428 2156 tran-

241 2178 320 2258 stuli,
342 2198 400 2261 quo
423 2198 478 2262 pro
501 2181 606 2243 merito
629 2198 697 2244 raeo
719 2189 841 2245 senatus
864 2181 1002 2245 consulto
1023 2179 1174 2264 Augustas
1188 2180 1349 2263 appellatus
1364 2199 1430 2243 suna

241 2273 272 2327 at
294 2264 405 2329 laureis
425 2275 527 2347 postes
550 2265 665 2330 aedium
688 2286 820 2330 mearum
843 2269 959 2330 vinctae
981 2275 1048 2331 suut
1063 2269 1189 2350 publice,
1211 2286 1362 2350 superque
1377 2285 1430 2331 eas

239 2350 277 2415 ad
299 2354 414 2416 ianuam
437 2372 531 2416 meam
553 2373 593 2416 ex
615 2373 729 2434 querna
751 2353 858 2418 lronde
885 2373 996 2419 corona
1020 2357 1114 2419 civica
1134 2357 1230 2437 posita
1258 2355 1297 2418 ob
1319 2373 1431 2418 serra·

241 2447 289 2502 tos
312 2440 409 2516 eircs;
439 2441 550 2521 quique
572 2448 654 2505 essct
675 2460 729 2523 per
751 2442 970 2522 inscriptionem
992 2443 1076 2506 testis
1098 2461 1183 2506 meae
1205 2442 1339 2519 uirtutis,
1361 2440 1428 2504 cle-

239 2528 376 2606 mentiae,
397 2528 534 2608 iustitiae,
556 2528 683 2609 pietatis,
705 2534 750 2592 est
772 2530 885 2610 positus
908 2529 1031 2610 clupeus
1045 2547 1154 2592 aureus
1177 2530 1308 2593 incuria
1331 2547 1349 2592 a
1372 2547 1429 2592 se-

199 2672 203 2679 .
239 2622 310 2677 natu
332 2616 501 2697 populopue
522 2633 656 2694 normano,
678 2615 758 2695 quod
781 2633 956 2697 quamquam
979 2617 1118 2699 dignitate
1140 2617 1275 2679 omnibus
1290 2621 1429 2698 praesta·

239 2719 312 2781 rem,
335 2709 511 2783 potestatem
534 2709 630 2764 tannen
646 2701 734 2765 nibilo
750 2702 922 2784 ampliorem
940 2702 1079 2765 lrabcrem
1095 2721 1181 2783 quarn
1198 2701 1343 2785 conlegae
1359 2702 1430 2764 rnei.

343 2789 473 2852 Tertium
495 2787 638 2850 deciorum
661 2788 842 2852 consulatum
866 2808 913 2851 ure
935 2797 1061 2871 gerente
1091 2798 1210 2852 senatus
1233 2796 1263 2850 et
1285 2796 1428 2869 equester

241 2874 314 2937 ordo
337 2876 523 2957 populusque
546 2894 685 2939 ramanus
715 2877 871 2940 universus
894 2895 941 2937 mo
974 2875 1129 2959 appellarit
1158 2885 1269 2958 patrem
1299 2876 1424 2957 patriae3

239 2960 328 3042 idque
350 2963 379 3024 in
402 2963 546 3026 vestibulo
569 2959 684 3025 aedidna
708 2981 838 3025 mearunt
861 2963 1077 3026 inscribendum
1101 2965 1215 3026 censuit
1241 2969 1271 3025 et
1293 2962 1323 3024 in
1346 2963 1429 3025 curia

241 3057 270 3111 et
293 3050 322 3111 in
345 3048 412 3113 loro
434 3050 572 3132 Augusto
594 3051 651 3115 sub
673 3050 834 3130 quadrigis,
858 3068 934 3131 quac
957 3049 1025 3111 mibi
1048 3067 1087 3111 ex
1108 3050 1137 3114 S.
1161 3050 1191 3111 C.
1215 3050 1328 3130 positae
1350 3056 1426 3113 suat.

240 3134 349 3217 Scripsi
372 3136 445 3201 lraec
466 3154 533 3199 cum
556 3154 663 3200 annum
687 3138 810 3219 agebam
833 3138 1101 3218 septuagensimum
1124 3143 1249 3200 sertum.

706 3309 952 3323 m

345 3413 461 3479 Summa
483 3416 645 3497 pecuniae,
668 3435 755 3498 quum
780 3415 858 3479 dedit
882 3417 910 3479 in
933 3417 1079 3480 aerarium
1102 3415 1151 3477 vel
1173 3415 1282 3497 populo
1305 3432 1427 3478 romano

241 3498 289 3562 rel
312 3498 444 3565 dimissis
461 3503 611 3579 militibus,
632 3503 782 3566 denarium
804 3506 942 3568 sexsicns
965 3503 1089 3566 milliens
1113 3503 1177 3564 luit.

344 3587 442 3668 Opera
464 3588 537 3651 lecit
566 3607 659 3652 notra:
690 3591 794 3652 aedem
816 3591 936 3668 Martis,
966 3590 1043 3654 lovis
1074 3591 1214 3653 'donantis
1244 3596 1275 3652 et
1304 3588 1428 3667 Feretri,

241 3671 396 3755 Apollinis,
419 3675 484 3740 Diri
505 3676 566 3752 loli,
590 3676 712 3756 Quirini,
734 3678 893 3756 Minervae,
916 3678 1034 3742 irraonis
1057 3676 1200 3759 Reginae,
1221 3676 1298 3739 loris
1321 3676 1429 3739 Liber-

242 3763 320 3840 tatis,
342 3761 458 3840 Larom,
481 3761 568 3825 deum
583 3763 742 3842 Penatium,
765 3764 933 3843 luventatis,
955 3765 1056 3828 Matris
1072 3764 1168 3841 deum,
1187 3762 1344 3845 Lupercal,
1362 3762 1429 3845 pul-

241 3849 325 3911 vinar
346 3848 382 3912 ad
407 3851 526 3928 circum,
549 3851 657 3913 cariam
681 3869 748 3913 cum
771 3850 947 3928 Chalcidico,
970 3850 1065 3915 lorum
1082 3851 1260 3930 Augustum,
1282 3850 1429 3912 basilicam

239 3933 354 4013 duliam,
385 3936 529 4001 theatrum
552 3937 590 4000 M.
613 3936 758 4017 Marcelli,
785 3939 984 4001 naumachiam
1014 3940 1092 4002 circa
1121 3937 1249 4000 l'iberim
1272 3943 1428 4001 etaemus

242 4022 412 4101 Caesarum,
434 4026 565 4106 porticus
587 4025 616 4086 in
640 4026 762 4107 palatio,
784 4027 929 4107 porticum
952 4025 989 4088 ad
1012 4027 1123 4088 ciream
1145 4024 1324 4087 Flaminium,
1365 4024 1429 4087 Re-

239 4108 312 4172 iecit
333 4110 504 4192 Capitolium
534 4111 683 4192 acdesque
705 4130 806 4176 sacras
835 4114 985 4195 octoginta
1008 4111 1095 4189 duas,
1124 4113 1269 4174 theatrum
1299 4110 1429 4194 Pompei,

240 4214 383 4276 aquarum
406 4199 529 4277 ductus,
559 4200 634 4261 viam
657 4196 832 4262 Pleminium.
877 4199 986 4281 ingens
1007 4206 1055 4262 est
1077 4197 1246 4283 magnitudo
1276 4198 1429 4279 impensa-

240 4302 306 4347 runr
335 4303 408 4366 qaas
437 4286 509 4349 lecit
529 4287 559 4349 in
589 4285 676 4351 ludos
706 4294 736 4348 et
763 4302 886 4349 munera
915 4285 1109 4367 gladiatorum
1140 4285 1372 4364 athletarumque
1400 4292 1430 4348 et

243 4371 386 4450 proelium
408 4373 513 4435 navale
535 4379 566 4435 et
587 4372 779 4448 secretionem
802 4372 957 4450 donarem,
979 4391 1056 4453 qaae
1078 4372 1157 4436 dedit
1172 4372 1286 4436 colonis
1304 4380 1339 4434 et
1360 4392 1430 4436 aru-

242 4460 345 4539 nicipis
365 4457 463 4521 ltaliae
486 4459 660 4541 oppidisque
682 4461 898 4540 provinciarum
920 4467 1021 4523 terrae
1036 4468 1117 4523 motu
1132 4459 1329 4540 incendioque
1351 4478 1428 4523 con·
1453 4492 1458 4507 ·

241 4545 362 4625 sumptis
383 4544 431 4607 vel
452 4546 551 4608 aralels
572 4546 696 4629 singulis
718 4547 981 4628 senatoribusque,
1004 4564 1129 4629 qaorum
1152 4562 1262 4611 cenans
1284 4546 1427 4627 explerit.
