3080 5112
197 448 286 531 ,268
555 449 633 505 lustr.
651 448 778 527 pretereat.
814 447 875 517 dap.
892 447 923 501 ll.
959 448 1078 502 Tabulae.

222 605 351 691 qudquid
373 606 467 689 magis
490 605 529 667 lei
558 604 638 683 dent,
663 605 836 686 praebeant,
866 601 1211 681 aerumnosarum,
1232 602 1309 666 niani
1330 602 1412 683 quod

220 712 275 769 eos
298 692 427 776 exlege
449 692 545 754 Portis
569 691 640 753 dare
662 692 808 791 praebere
830 698 949 774 oportet
971 691 1128 771 oportebit.

325 779 409 852 Quae
429 779 514 860 leges
532 777 721 878 quodque
714 796 759 841 rus
781 796 918 859 quaeque
941 776 1125 841 consuetudo
1148 777 1182 839 L.
1207 777 1318 840 biarcio
1341 775 1412 840 Sex.

218 864 293 931 lulio
315 882 393 930 eoss.
416 867 492 928 inter
513 866 603 927 civeis
633 864 781 931 Romanos
805 872 834 927 et
855 865 1034 927 Termensas
1062 863 1189 927 maiores
1210 862 1322 926 Pisidas
1345 861 1412 942 fuit,
1498 914 1505 927 .

220 952 343 1016 eaedem
365 951 449 1033 leges
473 949 657 1032 eidemque
648 969 715 1014 rous
736 951 901 1032 eademque
922 949 1109 1013 consuetudo
1132 952 1210 1012 inter
1232 949 1331 1013 eeives
1354 966 1412 1012 ro-

219 1054 325 1103 manos
353 1047 384 1101 et
404 1038 583 1101 Termenses
615 1039 741 1100 maiores
770 1037 882 1100 Pisidas
911 1045 994 1113 estur
1025 1037 1163 1117 quodque
1193 1036 1391 1118 quibusque
1382 1054 1412 1098 rn

113 1174 124 1197 .
220 1126 313 1190 rebus
334 1125 426 1189 locels
449 1126 548 1208 agreis
569 1123 728 1187 aedificieis
759 1123 893 1205 oppideis
924 1126 1015 1187 iouris
1038 1124 1239 1187 Termerion
1269 1125 1426 1186 maiorum

216 1210 411 1275 l'isidmum'
402 1212 457 1273 reis
479 1209 666 1290 consulibus,
688 1214 758 1308 quei
780 1226 869 1292 supra
891 1210 1012 1291 sariptei
1032 1217 1117 1289 sunt,
1148 1209 1217 1287 luit,
1245 1208 1323 1292 quod
1347 1210 1417 1285 eius

219 1305 341 1381 praeter
362 1297 427 1362 loos
450 1315 540 1379 apros
563 1296 723 1359 aedilicia'
715 1299 788 1378 rpsei
810 1316 864 1360 sua
887 1296 1038 1360 uoluntate
1060 1297 1097 1359 ab
1119 1315 1154 1360 se
1175 1314 1235 1359 non
1258 1294 1411 1359 abaliena-
1440 1312 1447 1325 ·

219 1390 307 1463 rusti,
334 1383 443 1446 idern
435 1403 464 1445 ur
486 1382 591 1448 iisdem
613 1383 703 1445 rebus
733 1383 825 1448 laneis
854 1386 952 1465 apreis
982 1381 1141 1447 aedificieis
1168 1382 1303 1466 oppideis
1331 1382 1411 1447 ser-

219 1471 363 1536 unensinm
392 1472 533 1537 urniorum
561 1468 722 1534 Pisidarum
747 1471 812 1533 ious
835 1479 918 1549 esto,
947 1476 978 1532 et
999 1487 1058 1551 quo
1080 1472 1177 1534 minus
1200 1489 1252 1548 ea,
1283 1471 1412 1551 quaein

219 1557 279 1622 lreo
300 1560 397 1640 cupite
419 1559 528 1639 scripta
551 1565 629 1633 suat,
652 1558 691 1617 ita
714 1556 772 1620 sint
793 1557 870 1635 liant,
895 1557 958 1620 eius
981 1556 1036 1620 luae
1058 1556 1127 1639 lege
1140 1556 1261 1620 nibilum
1277 1563 1410 1657 rugatur.

219 1645 316 1720 Quam
338 1645 437 1728 legem
458 1645 617 1724 portorieis
640 1644 831 1706 terrestribus
846 1644 1074 1724 maritimisque
1089 1644 1266 1707 lerinenses
1282 1645 1412 1707 naaiores

220 1730 356 1795 Phisidae
378 1730 550 1813 eapiundeis
579 1732 654 1793 intra
682 1748 755 1794 suos
782 1730 866 1793 lineis
888 1730 1068 1807 urimenus,
1098 1748 1134 1793 ea
1156 1731 1234 1794 lex
1226 1731 1281 1793 reis
1303 1737 1412 1812 porto—

218 1810 295 1881 dieis
322 1816 494 1899 capiundeis
524 1824 607 1895 esto,
636 1817 705 1879 dum
728 1819 776 1880 nai
798 1816 867 1897 quid
890 1816 1003 1898 portori
1025 1817 1093 1878 ab'
1084 1817 1139 1882 reis
1163 1817 1311 1899 capiatur,
1342 1817 1412 1897 quai

219 1904 335 1985 publiea
350 1903 450 1986 populi
471 1903 585 1966 romani
608 1902 763 1986 vectigalia
784 1902 935 1983 redempta
957 1903 1114 1983 trabebant,
1136 1921 1212 1984 quos
1234 1920 1288 1984 per
1306 1920 1411 1967 eorum

216 1989 306 2057 naeu
328 1990 492 2071 publicandi
515 2006 554 2051 ex
576 2007 614 2052 eo
636 1990 773 2070 vectigali
797 1990 1046 2071 transportabant.
1231 2016 1249 2051 r-

268 2197 331 2250 Lex
349 2197 388 2249 de
406 2197 531 2249 erbis
549 2196 740 2249 uiatoribus
758 2207 788 2250 et
807 2198 1030 2319 pgaecanibns
1048 2202 1118 2251 siro
1138 2198 1176 2250 de
1194 2198 1246 2251 xx
1265 2214 1368 2268 quae·

735 2270 821 2320 steri
851 2284 886 2321 us

330 2410 420 2469 1881.
463 2410 542 2468 lloins
565 2410 634 2482 lepis
657 2417 759 2485 partem
781 2376 901 2470 eontinet
922 2413 1011 2470 tabula
1034 2429 1112 2471 seres
1133 2412 1245 2487 Neapoli
1268 2412 1293 2470 in
1317 2428 1411 2470 museo

208 2498 376 2559 ‚sorbonae
398 2505 552 2569 asservata,
580 2497 648 2557 binis
669 2498 796 2556 columnis
817 2498 959 2572 inscripta,
982 2516 1051 2571 quae
1073 2499 1239 2561 sinistrorsus
1260 2500 1287 2557 in
1309 2515 1412 2557 sonna

223 2584 344 2659 margine
372 2585 442 2642 bane
463 2584 593 2642 rubrieam
615 2584 771 2659 insculptam
793 2603 859 2658 prae
888 2604 919 2641 se
940 2587 1008 2643 lert:
1038 2586 1100 2645 Vlll
1121 2586 1166 2643 llll
1188 2585 1238 2643 xx
1260 2586 1291 2654 0.
1310 2584 1412 2654 ‘ores

224 2672 423 2748 inscriptionem
453 2688 544 2728 omnes
567 2671 685 2728 editores
714 2672 819 2746 priores
841 2678 1049 2746 praeterquam
1080 2673 1255 2745 sepontinum
1283 2679 1410 2747 prseter-

224 2761 367 2829 miserunt3
390 2765 469 2831 atque
492 2759 514 2815 is
536 2758 642 2830 quidem
665 2759 805 2831 inteiligit,
828 2759 999 2817 Mommsenio
1021 2776 1091 2817 ause
1113 2759 1305 2833 adstipulante,
1328 2765 1407 2817 aets-

204 2858 289 2919 .varn
306 2845 421 2903 tabulam
444 2846 480 2902 de
502 2846 565 2918 lege
587 2845 614 2901 L.
635 2845 753 2904 Cornelii
775 2845 874 2915 Sullae,
896 2863 948 2917 qna
971 2861 1093 2905 numerus
1116 2852 1285 2920 quaestorum
1307 2847 1341 2904 ad
1364 2845 1410 2902 ui-

225 2947 309 2990 eeaes
330 2949 414 3006 nsque
436 2940 527 2989 suetos
558 2938 599 2988 est
621 2932 719 3003 (lauit.
741 2933 836 2993 Annei.
858 2933 912 3002 xl,
934 2926 1012 3011 22.)
1052 2934 1106 2991 Sed
1137 2949 1216 3008 quum
1244 2929 1409 3007 plebiscitum

224 3035 287 3076 esse
307 3024 445 3094 appareat,
466 3019 540 3077 Sella
563 3026 656 3075 contra
679 3019 781 3077 tributis
803 3020 916 3077 comitiis
939 3037 1043 3076 ornnem
1060 3021 1152 3092 ispum
1169 3019 1337 3077 lerendnruar
1353 3035 1410 3093 pe·

186 3136 200 3165 ι
224 3111 348 3164 metatam
376 3108 522 3177 ademerit,
552 3105 711 3177 Gdttlinplus
739 3107 808 3176 legis
839 3106 922 3162 Titiae
953 3107 987 3162 de
1016 3107 1201 3179 quaestoribus
1231 3125 1246 3162 a
1277 3105 1411 3164 cimruee

225 3200 449 3252 commemoratae
471 3186 540 3272 (pro
563 3192 679 3249 llurene.
702 3211 725 3248 c.
748 3185 794 3270 8.)
824 3200 926 3265 purtem
957 3192 1007 3249 buo
1027 3194 1117 3251 tabula
1146 3191 1278 3252 contineri
1307 3198 1411 3262 censet,

225 3286 307 3351 atque
326 3296 495 3355 programma
517 3280 573 3336 siue
595 3279 742 3349 rubricam,
773 3279 847 3335 auius
875 3285 976 3354 partem
998 3281 1115 3353 priorem
1143 3297 1202 3336 eum
1231 3278 1410 3337 antecedente

226 3365 316 3424 tabula
343 3366 454 3440 periisse
484 3372 592 3433 auset,
622 3366 658 3421 its
686 3366 807 3440 supplet:
837 3367 863 3422 L.
887 3367 931 3422 nti
958 3364 1029 3424 888.
1050 3365 1219 3424 l‘ltlll.*llll
1240 3365 1285 3423 llli
1305 3364 1355 3425 XX
1377 3366 1410 3434 0.

226 3452 292 3510 i.e.
314 3453 359 3509 lex
381 3453 416 3509 de
437 3452 527 3511 attinio
558 3453 700 3524 primomm
730 3460 794 3510 oeto
816 3452 851 3509 de
873 3451 967 3524 viginti
995 3453 1189 3526 quaestoribus.
1223 3452 1292 3509 0eto
1322 3459 1411 3510 antem

226 3544 398 3612 quaestomm
419 3539 446 3595 in
469 3538 542 3595 ltalia
565 3554 673 3595 monere
691 3555 740 3595 son
756 3540 921 3611 iungentium
935 3540 1024 3597 albeis
1038 3540 1180 3613 separatius
1195 3539 1246 3596 bae
1261 3539 1325 3612 laps
1339 3555 1411 3597 nou-

216 3624 314 3697 esrum,
335 3625 397 3698 quia
420 3625 582 3773 migrarem
603 3624 744 3683 dnodeoiur
766 3633 936 3698 quaestorum
959 3626 1045 3682 albeis
1067 3624 1237 3685 etauionruur
1258 3626 1316 3685 siue
1338 3626 1410 3683 nili-

226 3713 321 3771 tatiuna
342 3727 358 3769 a
380 3728 446 3768 eoas
503 3728 532 3766 us
554 3718 583 3768 et
603 3712 770 3785 praetoribus
792 3718 959 3784 reperentur.

329 3797 475 3856 Universae
496 3804 583 3855 antem
605 3797 639 3854 da
662 3797 848 3871 quaestoribus
871 3794 1029 3871 lepiabaiec
1058 3800 1145 3856 tabula
1175 3799 1279 3857 nonnisi
1307 3805 1410 3873 perteue

224 3901 340 3958 sanique
361 3884 468 3942 minoris
490 3884 614 3942 momenti
636 3885 771 3954 eontinet,
802 3887 836 3942 de
859 3893 1029 3959 quaestorum
1051 3887 1248 3960 apparitoribus
1277 3886 1411 3958 inpendia,

226 3970 337 4045 aeribn,
355 3970 530 4040 -rietoribua,
559 3973 743 4045 praeconibus.
778 3971 918 4030 Corneliae
946 3972 1014 4044 legis
1043 3974 1221 4045 lragmentnnr
1251 3990 1311 4031 esee
1333 3973 1410 4030 noeis

226 4058 389 4130 veementis
410 4060 567 4132 comprobat
589 4058 636 4115 to.
658 4058 800 4115 llornmsen
823 4059 848 4116 in
872 4060 960 4131 Berplr
977 4066 1003 4117 el
1026 4058 1125 4117 Caesar
1147 4056 1299 4121 zeiuebrlit
1319 4060 1362 4117 tu
1384 4060 1410 4117 d.

226 4145 343 4204 Altertb.
364 4140 411 4203 W.
437 4142 527 4202 1846.
549 4146 579 4200 Ν.
606 4143 652 4200 14.

331 4231 475 4289 lididernat
496 4232 594 4305 primur
624 4231 750 4304 Sigonius
773 4232 812 4288 lle
834 4231 943 4305 antiquo
965 4232 1022 4291 inre
1044 4234 1139 4291 sirium
1162 4248 1228 4291 rona.
1252 4233 1286 4303 ll,
1308 4232 1337 4289 a.
1362 4231 1412 4289 15.

228 4317 339 4376 deinde:
361 4318 434 4376 Fnlr.
456 4317 562 4375 Ursinus
584 4318 653 4391 apud
676 4317 815 4391 Angustia.
837 4319 877 4374 lle
900 4319 981 4390 lepib.
1004 4338 1029 4377 a.
1050 4320 1120 4378 xvt
1141 4320 1224 4378 xlit
1257 4319 1362 4376 Gruter.
1384 4338 1412 4393 p.

229 4403 303 4462 888.
334 4405 425 4465 lloral.
454 4405 520 4461 Nor.
550 4405 617 4463 ibes.
646 4405 674 4461 T.
697 4405 729 4462 ll.
759 4423 785 4480 p.
809 4404 880 4463 581.
913 4405 1035 4467 llanbold
1056 4408 1170 4469 Menona.
1199 4407 1281 4478 legal.
1310 4424 1337 4480 p.
1360 4406 1412 4465 85.

218 4491 322 4564 Effer
341 4492 397 4548 Lat.
417 4507 542 4547 aermon..
554 4492 629 4566 reliq.
651 4510 676 4566 p.
699 4491 770 4549 285.
783 4492 913 4569 ,aeruna
928 4493 1063 4553 Fdninabn
1080 4488 1200 4555 iirknnd.
1217 4512 1244 4568 p.
1261 4493 1289 4550 7.
1310 4491 1412 4561 Quibus

228 4576 376 4677 editoribus
389 4575 535 4689 'puteum
556 4585 598 4637 ert
618 4578 761 4639 llunrnaen
783 4579 826 4638 dd
842 4579 929 4652 tepea
945 4580 1087 4645 deseritis
1095 4587 1154 4645 tte.
1166 4577 1411 4643 sarmatosi-
