3106 5122
363 441 387 507 §.
404 443 429 497 8.
464 442 575 499 Tabulae
592 443 725 503 historicae
743 449 892 501 anctoritate
908 446 1009 517 publica
1027 447 1145 517 scriptae.
1289 446 1353 513 357

160 602 361 665 ‹licamrarum
383 623 399 663 a
421 623 451 663 se
473 613 626 679 gestarum,
656 609 762 666 tertium
791 609 950 667 breviarium
980 610 1062 667 totius
1093 608 1212 685 imperii,
1243 609 1272 668 id
1301 618 1354 684 est,

160 694 275 752 iudicem
305 694 340 749 de
369 692 476 750 militam
507 702 534 750 ct
562 694 691 769 pecuniae
719 696 842 770 publicae
872 696 955 771 copiis
985 689 1116 775 (Suetou.
1138 699 1210 771 Aug.
1233 716 1256 755 c.
1284 697 1353 756 101.

159 780 244 839 Tacit.
265 781 359 837 Aunnl.
386 780 417 852 l.,
450 779 498 838 11.
526 781 577 838 uio
607 783 679 840 Cass.
712 784 786 854 bVl,
819 774 887 862 33).
931 783 1031 841 lloruru
1058 785 1217 842 voluminum
1240 785 1352 859 primum

159 876 192 925 et
217 867 324 924 tertium
354 866 562 940 intercideruut3
591 871 703 926 alterum
732 871 862 943 reliquum
885 876 926 927 est
955 871 982 926 iu
1004 878 1173 928 monumento
1195 873 1350 943 Ancyreum

159 957 298 1026 Augustus
319 953 389 1010 euius
418 955 488 1011 huuc
517 954 630 1014 indicem
654 973 741 1013 rerum
764 975 779 1014 a
801 974 831 1013 se
854 963 989 1029 gestarum
1011 958 1037 1014 iu
1061 959 1168 1015 abeueia
1190 959 1285 1015 tabulis
1307 959 1353 1017 iu·

159 1041 214 1099 cidi
237 1047 398 1098 testamento
419 1041 495 1098 iussit
517 1048 578 1099 aute
601 1044 766 1102 mausoleum
788 1061 862 1101 suum
885 1043 1040 1100 statuendis.
1084 1046 1175 1118 Neque
1197 1047 1248 1102 baa
1270 1047 1352 1103 tabu·

160 1130 206 1187 iae
229 1128 357 1186 mausolei
380 1134 494 1185 aetatem
516 1131 648 1200 tuleruut3
671 1132 718 1187 sed
742 1147 821 1204 qaum
844 1131 954 1205 plurima
976 1131 1100 1203 Angusto
1122 1132 1216 1189 divisus
1237 1133 1353 1191 bosori·

160 1218 213 1273 bns
237 1222 333 1272 ornato
357 1215 456 1288 templa
486 1232 536 1289 per
564 1217 716 1290 provincias
747 1224 965 1288 munerentur,
994 1218 1102 1274 occano
1131 1218 1192 1275 inda
1222 1226 1283 1277 nata
1312 1226 1354 1276 est

158 1302 284 1376 exempla
312 1303 388 1358 buius
422 1301 515 1359 iudicis
544 1305 720 1378 propagandi.
775 1305 859 1372 Quum
878 1305 947 1361 euim
971 1303 1088 1361 Galatiae
1118 1312 1183 1379 post
1211 1307 1352 1378 Amyntam

158 1406 257 1460 regem
279 1388 432 1446 defunctum
454 1407 478 1445 a.
508 1407 533 1445 n.
563 1408 585 1447 c.
617 1391 678 1446 729
713 1391 738 1448 iu
762 1392 917 1465 provinciae
946 1391 1057 1447 locutam
1087 1392 1120 1447 ab
1152 1393 1274 1464 Augusto
1304 1411 1352 1451 re-

161 1479 259 1534 dactae
281 1477 361 1532 nrbes
383 1475 526 1549 primariae
549 1477 679 1534 communi
702 1478 814 1535 consitio
844 1477 905 1535 huic
934 1477 1047 1552 principi
1070 1479 1194 1551 templum
1218 1479 1352 1551 Ancurae,

159 1554 313 1642 (liugom)
344 1562 370 1618 iu
401 1564 545 1637 metropoli
573 1564 738 1637 prouinciae,
762 1566 967 1635 iudicavissent,
988 1564 1015 1621 ia
1038 1564 1155 1622 eiusdem
1187 1566 1277 1639 templi
1300 1583 1352 1623 ue·

159 1650 263 1707 atibnlo
292 1655 389 1722 postea
418 1649 532 1705 iudicem
566 1650 637 1707 illum
671 1669 758 1708 rernm
789 1655 822 1708 ab
852 1655 979 1724 Angusto
1009 1658 1145 1723 gestarum
1179 1669 1214 1709 ex
1244 1654 1353 1710 abeneia

158 1736 257 1794 tabulis
279 1736 408 1793 mausolei
429 1736 563 1809 Augustei
585 1738 770 1811 transcriptum
791 1738 871 1796 incidi
902 1740 1051 1807 iusserunt,
1084 1756 1152 1811 quae
1179 1738 1285 1812 quidem
1308 1740 1353 1796 iu-

160 1823 275 1897 scriptio
298 1823 349 1879 etsi
381 1839 435 1881 nou
465 1824 572 1895 integra
602 1825 736 1897 hodieque
757 1832 888 1898 superest.
933 1825 1136 1898 conspiciuntur
1158 1827 1226 1883 euim
1248 1827 1274 1883 in
1296 1827 1353 1884 eius

160 1911 255 1984 templi
277 1910 415 1966 maximam
436 1917 539 1985 partem
562 1910 640 1967 diruti
662 1912 797 1983 reliquiis,
826 1913 851 1968 iu
875 1918 993 1968 satarum
1016 1918 1094 1985 parte
1115 1913 1235 1970 interiori
1257 1913 1352 1987 parie-

160 1999 235 2054 tibus
257 1997 411 2055 marmoreis
433 1998 581 2071 insculptae
603 2005 657 2054 tres
681 1999 819 2055 columnae
840 1999 996 2056 intrantibus
1020 2014 1035 2053 a
1058 1998 1133 2055 laeua
1149 2005 1204 2055 tres
1222 2017 1237 2055 a
1258 2001 1352 2057 deutra

160 2086 235 2142 illam
249 2083 332 2157 ipsum
354 2084 468 2141 iudicem
490 2084 665 2141 continentes.
709 2085 910 2142 accuratiorem
930 2084 1020 2159 templi
1040 2091 1069 2140 et
1094 2084 1270 2160 inscriptionis
1286 2088 1352 2143 dea·

162 2171 324 2244 criptionem
336 2187 395 2227 cnm
407 2170 586 2227 delineatione
598 2170 721 2227 vestibuli
733 2174 863 2244 praebent
874 2172 970 2230 Texicr
982 2172 1148 2244 asscriptum
1161 2174 1195 2228 de
1207 2172 1289 2230 l'llaie
1299 2172 1352 2230 mi-

160 2274 255 2315 nenre.
266 2257 286 2314 l.
298 2258 360 2314 Tab.
374 2258 423 2313 66.
436 2265 465 2314 ct
475 2257 607 2314 llamiltou
620 2258 785 2315 Researolres
797 2260 822 2316 iu
834 2259 898 2316 Asin
910 2258 1003 2316 minor.
1014 2260 1087 2315 Pom.
1099 2259 1119 2316 l.
1131 2277 1158 2333 p.
1166 2258 1238 2317 420.
1256 2260 1353 2334 Scrip-

160 2353 222 2402 tura
235 2343 261 2400 iu
274 2346 359 2401 media
372 2351 400 2401 et
410 2345 496 2401 iulium
508 2344 638 2418 parietum
650 2352 737 2418 parte,
748 2346 860 2403 manime
872 2346 972 2420 primus
983 2346 1226 2403 columnaesiuistri
1234 2346 1353 2420 parietis,

160 2431 281 2507 pluribus
304 2431 371 2488 locis
393 2432 535 2489 obliterata
558 2438 600 2488 est
622 2433 665 2488 rel
688 2448 815 2490 cruorum
837 2439 866 2489 et
884 2432 1040 2490 foraminum
1059 2432 1223 2490 detrimentis
1242 2434 1353 2504 bansta,

161 2535 241 2592 qnam
274 2518 380 2591 quidem
414 2519 500 2574 labem
527 2518 690 2576 llamiltouus
723 2526 872 2576 structurae
899 2518 966 2577 vitio
999 2520 1115 2591 quodam
1144 2520 1273 2577 accidisse
1298 2521 1352 2577 de-

159 2611 297 2663 monstrat.
328 2603 406 2661 Primi
425 2605 623 2680 descripserunt
637 2624 678 2663 an.
697 2606 779 2662 1554
795 2607 896 2678 Auget.
920 2606 1048 2663 Gisleuius
1064 2606 1225 2679 anbequius
1240 2613 1267 2661 et
1290 2608 1332 2664 dn

158 2692 249 2749 tonius
270 2690 423 2748 Wrantaios
445 2692 502 2748 siue
524 2693 664 2751 Verautins
680 2693 799 2750 Dalmata
819 2694 961 2768 epiecopus
981 2693 1129 2764 Agrieuris,
1151 2692 1352 2751 aFerdiuaado

159 2781 337 2836 Mmaunrnm
360 2796 427 2851 rege
450 2786 505 2835 tum
528 2780 561 2835 ad
584 2786 688 2854 portam
712 2780 913 2838 Othonrauicam
937 2779 1019 2850 legati
1043 2771 1095 2857 (V.
1118 2778 1261 2852 anbequii
1283 2779 1352 2854 Epi·

158 2867 221 2924 stol.
243 2858 293 2944 i).
336 2865 402 2922 lliuc
431 2873 492 2923 unta
514 2874 574 2922 sunt
602 2868 655 2923 dno
685 2869 840 2940 apographa
868 2867 1055 2922 Vorsutisunm
1078 2872 1106 2949 et
1128 2865 1350 2938 busbeqniaunm,

158 2969 230 3028 qaae
252 2959 338 3009 tamen
369 2953 414 3009 vix
441 2969 494 3026 pro
523 2954 634 3010 diuersis
657 2954 762 3010 censeri
793 2960 912 3027 possunt.
955 2952 1054 3008 Neuter
1075 2952 1133 3026 ipse
1155 2960 1351 3010 mouumentum

158 3039 254 3098 edidit.
298 3038 506 3112 anbeqniuunm
536 3040 684 3113 exemplum
714 3040 812 3113 primns
835 3040 919 3096 edidit
940 3040 973 3095 Α.
996 3039 1138 3110 Schottna,
1170 3040 1213 3112 qui
1236 3041 1269 3095 ab
1292 3039 1351 3114 ipso

159 3127 311 3200 anbeqnio
334 3126 441 3197 habuit,
472 3126 505 3181 od
528 3128 618 3184 Aurei.
652 3127 788 3184 Victorem
817 3129 958 3199 llutwerp.
983 3124 1075 3197 1519,
1099 3126 1127 3182 8.
1163 3126 1351 3185 llerautianum

158 3216 199 3272 lo.
222 3213 393 3270 leunclavius
423 3213 547 3270 Pendeat.
566 3214 627 3269 bist.
649 3215 726 3269 Ture.
755 3214 877 3271 Prancol.
902 3213 994 3268 1588.
1017 3212 1045 3268 4.
1068 3229 1095 3286 p.
1119 3212 1190 3269 205.
1213 3228 1280 3286 qnos
1302 3230 1351 3269 se·

159 3301 215 3358 enti
237 3307 298 3357 aunt
319 3299 420 3374 lipsius
443 3300 470 3356 in
493 3300 611 3356 auctario
634 3301 668 3356 nd
691 3300 783 3357 Smetii
806 3300 938 3374 inscripti.
961 3299 1041 3371 antiq.
1075 3300 1158 3371 lugd.
1182 3298 1236 3357 llal.
1260 3297 1352 3356 1588.

159 3389 240 3446 lanua
262 3387 389 3443 Gruterus
411 3389 536 3444 Theseus.
566 3387 691 3461 inscripti.
723 3387 894 3459 Heidelberg.
920 3386 1011 3443 1603.
1033 3404 1059 3460 p.
1083 3386 1207 3442 CCXXX.
1230 3385 1285 3458 alii,
1306 3384 1348 3442 iu·
1431 3458 1435 3466 ‘

158 3474 251 3551 primis
273 3474 362 3548 plures
385 3475 505 3531 Suetonii
527 3474 652 3531 editores.
685 3474 805 3531 Alterum
828 3475 1011 3548 apographum
1034 3473 1219 3545 Rusbequiauo
1244 3479 1272 3529 et
1292 3473 1351 3529 lle·

159 3561 282 3620 rautiauo
317 3560 419 3618 auctius
451 3568 587 3635 repertum
618 3567 659 3616 eat
688 3561 808 3633 sequenti
836 3561 928 3618 seculo
958 3553 1082 3641 (1689)
1121 3560 1191 3616 inter
1216 3566 1351 3632 postumus

159 3651 266 3706 obortas
282 3648 397 3704 Dnuielis
417 3648 549 3717 Cosconii,
572 3648 728 3704 mercatoris
751 3646 907 3716 llollsndici,
931 3647 1028 3703 editum
1053 3665 1067 3703 a
1090 3647 1190 3703 lacobo
1213 3645 1352 3704 Grououio

159 3737 187 3793 iu
200 3736 327 3792 llemoria
344 3735 506 3792 Cosconiana
523 3735 606 3806 bugd.
629 3734 684 3791 uas.
696 3733 786 3790 1695.
802 3736 831 3791 4.
847 3753 872 3806 p.
888 3731 1045 3789 47-138.
1075 3733 1231 3807 Exemplum
1246 3734 1352 3789 tertium

160 3821 328 3879 Cossouiauo
339 3823 515 3895 praestantius
529 3822 619 3891 edidit,
632 3821 680 3877 sori
692 3821 798 3891 vitiose,
812 3822 905 3877 Paulus
917 3821 999 3876 Lucas
1011 3820 1128 3892 Voyage
1143 3821 1208 3877 dnos
1219 3820 1244 3876 la
1257 3819 1351 3891 (irene,
1402 3846 1403 3849 ¹

159 3907 245 3966 l'dsie
268 3908 402 3979 utinense,
424 3909 449 3965 la
470 3908 626 3965 blacedniue
648 3914 676 3964 et
697 3907 835 3980 l'dlrique.
864 3907 943 3964 Paris.
958 3907 987 3963 Τ.
1009 3907 1027 3962 l.
1051 3925 1074 3964 c.
1095 3906 1142 3963 16.
1157 3914 1185 3962 et
1200 3922 1263 3963 mox
1282 3907 1350 3962 Aur-

160 3997 221 4054 stel.
239 3994 331 4051 1714.
348 3994 396 4052 12.
419 3996 545 4063 Quartum
564 3995 713 4068 exemplum
733 4002 783 4065 ast,
800 3994 872 4068 quod
885 3992 1076 4071 Touroeiortus
1091 4011 1106 4049 a
1121 4010 1151 4050 ae
1166 3995 1351 4066 transcriptum

160 4100 221 4140 eam
240 4082 376 4138 Gblsbullo
395 4081 606 4153 communicarit,
629 4082 673 4155 qui
689 4082 804 4139 omnium
817 4081 845 4138 id
860 4081 988 4155 optimum
1005 4098 1065 4136 esse
1080 4080 1197 4137 iudicans
1220 4081 1303 4137 edidit
1324 4080 1351 4137 ia

159 4169 330 4242 Antiquitatt.
358 4169 453 4227 Asiett.
481 4169 563 4226 boud.
595 4168 686 4227 1728.
709 4169 756 4226 iol.
777 4187 804 4243 p.
830 4167 889 4224 165
914 4185 988 4241 seqq.
1032 4168 1074 4223 lix
1096 4166 1231 4224 Gbisltullo
1253 4182 1351 4223 mouu-

161 4262 280 4313 rneutnm
304 4256 431 4332 deinceps
448 4257 613 4331 repetierunt
634 4257 770 4325 Praestas,
793 4255 906 4327 Brotier,
925 4254 1064 4311 Oberliuus
1083 4253 1116 4309 ad
1138 4254 1253 4311 Tacitum
1269 4245 1351 4332 (Vol.

158 4344 194 4401 lt
217 4361 243 4417 p.
274 4336 377 4419 837.),
407 4344 457 4401 alii.
491 4344 555 4400 Post
583 4343 788 4400 'lournetortnm
818 4344 947 4399 Rostauus
977 4340 1128 4398 llasilieusia
1148 4340 1353 4414 inscriptionem

159 4433 335 4501 Ancyrnnam
354 4430 485 4505 inspexit,
507 4445 618 4502 eamque
661 4429 781 4503 pluribus
804 4429 870 4485 locis
900 4445 976 4500 quarn
999 4433 1077 4484 auten
1101 4429 1168 4484 male
1191 4427 1303 4484 babilam
1323 4432 1351 4482 ct

160 4514 331 4576 obbtmlaar
343 4516 445 4581 inuenit
466 4510 600 4597 (liistoire
616 4516 651 4573 de
663 4515 826 4574 l'Academie
841 4515 890 4573 des
904 4515 1025 4589 iuscript.
1041 4516 1114 4573 Pom.
1131 4514 1233 4573 XLllll.
1258 4511 1349 4569 1809.
