3106 5122
221 432 286 504 298
554 436 631 495 mser.
646 439 777 510 pram.
811 437 873 508 esp.
890 432 921 492 n.
957 437 1076 495 rome.

220 601 293 660 saltis
314 616 372 660 ara.
393 600 478 660 XXV.
506 606 562 658 tam
581 599 711 659 Gmrterrs
733 602 810 659 ibes.
840 619 866 676 p.
887 600 960 660 328.
1000 596 1124 659 amicto
1153 590 1266 658 biom
1294 601 1349 675 lap.
1377 616 1412 678 pr

222 688 293 746 163.
324 690 419 762 sspger
440 686 495 746 lat.
517 704 595 745 serrn.
618 690 693 762 reliq.
715 706 741 763 p.
765 684 836 746 325.

356 804 432 869 ...S
455 807 473 869 l.
497 802 628 885 Cestius,
657 804 690 869 L.
719 799 873 870 Petronius
902 825 984 870 ru..
994 825 1069 869 ...v
1092 803 1112 867 l.
1134 802 1222 869 ludos
1244 804 1407 871 saecularis

106 896 108 901 ’
222 898 291 993 post
319 851 534 974 complut...
544 894 810 975 ...pptribunie
841 899 987 995 potestate
994 852 1130 956 ¹loturos
1160 911 1287 974 quo...
1300 894 1408 975 ..qui

221 981 306 1043 etiarn
335 974 413 1061 quod
437 979 494 1043 talc
522 978 671 1062 spectaoul
693 1027 769 1043 .....
792 998 808 1044 s
831 998 882 1061 qur
910 978 1040 1049 nondum
1070 984 1138 1042 sunt
1159 976 1320 1045 maritalis
1329 1026 1406 1045 .....

221 1066 310 1130 stituti
331 1084 430 1147 nequo
452 1065 526 1129 ultra
550 1084 638 1149 quam
667 1067 761 1131 semel
783 1065 833 1130 ulli
856 1085 903 1129 nro
912 1113 988 1130 .....
1060 1068 1154 1129 enis.
1178 1063 1198 1127 l.
1221 1084 1245 1129 s.
1268 1073 1407 1147 spectaro

219 1154 332 1218 liceat
325 1153 379 1216 tais
401 1153 451 1237 qui
479 1151 549 1236 lege
579 1152 616 1216 de
648 1149 831 1236 marita[udis
861 1152 1038 1216 ordinibus.
1050 1148 1217 1235 ²)....em
1239 1150 1352 1216 adluer.
1375 1159 1406 1219 et

220 1240 504 1305 senatusconsultum
536 1240 645 1304 lactum
673 1247 769 1303 est...
779 1236 991 1324 .[perti]nere
1020 1236 1056 1303 ad
1079 1237 1310 1303 conservandam
1338 1260 1405 1303 ure-

219 1327 342 1392 moriam
370 1335 469 1390 tantae
498 1322 586 1411 r[ei].
603 1322 652 1476 f[iu
678 1322 824 1410 tabul]am
854 1346 976 1390 aeneam
1006 1335 1037 1389 et
1064 1342 1257 1390 marmoream
1285 1324 1406 1393 inscribi

221 1434 288 1479 s...
296 1411 623 1495 ..niq.d.e..f.r
645 1412 1405 1496 pderchltcosaavendbr

223 1461 475 1602 [m]arlnorcam
467 1519 497 1563 ru
519 1501 626 1581 quibus
649 1501 839 1564 commentari
856 1546 931 1563 .....
955 1519 983 1581 p.
1006 1500 1142 1583 inponent
1164 1501 1205 1563 uti
1230 1498 1406 1583 redempto-

221 1582 302 1652 ribus
325 1606 361 1651 ea
378 1633 456 1651 .....
472 1604 521 1649 um
549 1589 731 1688 propositum
762 1592 809 1651 est
837 1582 927 1650 XV
899 1606 944 1649 vu
965 1633 1042 1650 .....
1065 1605 1089 1650 s.
1113 1587 1351 1651 existumavimus
1375 1592 1408 1650 ut

220 1691 324 1741 omues
346 1675 384 1738 lib
393 1719 471 1738 .....
494 1675 514 1735 ii
535 1675 807 1757 coniugesquem

356 1864 466 1911 ..cos
490 1865 517 1910 v.
539 1845 560 1909 l.
584 1846 622 1911 da
644 1847 737 1912 lucari
764 1847 898 1912 ludorum
926 1866 997 1911 sa..
1008 1846 1210 1928 ...liereutq
1234 1846 1262 1911 d.
1285 1866 1312 1910 a.
1335 1866 1361 1911 r.
1384 1846 1405 1911 f.

219 1954 248 2037 p.
271 1935 298 2001 d.
321 1953 349 1998 a.
371 1953 396 1998 r.
417 1935 438 1996 i.
461 1953 487 1996 c.
510 1935 556 1998 Uti
578 1936 714 2014 qnoniam
737 1943 843 1999 ant..
852 1934 1050 2001 .saceularas
1064 1934 1169 1998 XVrir
1183 1952 1260 1999 sacr.
1276 1932 1405 1999 tamum.

220 2027 250 2086 iu
270 2040 381 2086 summa
403 2023 530 2085 constitu
629 2040 704 2102 quos
725 2041 782 2103 pro
803 2022 895 2087 salute
919 2021 1051 2087 Caesaris
1073 2019 1210 2085 facerunt
1223 2020 1331 2085 lucaris
1345 2039 1406 2085 nu-

219 2110 297 2173 mina
317 2126 462 2173 consu..
484 2108 506 2169 it
528 2109 664 2189 inpareat
685 2110 727 2175 uti
757 2127 821 2173 eam
850 2110 1003 2190 pecuniam
1027 2106 1153 2173 oausam
1182 2107 1406 2172 adtribusudaar

302 2197 372 2260 iuno
395 2194 427 2257 G.
448 2193 547 2259 Silano
571 2194 602 2259 C.
632 2195 740 2259 Furnio
770 2192 882 2259 rosa.
905 2194 932 2257 d.
958 2194 1023 2258 Xlll
1050 2194 1107 2259 tat
1137 2202 1222 2259 mart.
1252 2201 1405 2259 senat...

221 2277 429 2366 [restructum
458 2279 611 2345 saeculare
639 2281 830 2359 locarentur,
859 2282 890 2343 in
912 2300 948 2344 ea
975 2281 1066 2345 verba
1095 2299 1200 2361 qu...
1222 2278 1290 2347 ulla.
1318 2282 1405 2347 Scri-

220 2369 319 2435 bundo
340 2368 452 2433 adiuor.
474 2368 514 2431 ll.
535 2367 635 2431 lrrnitrs
656 2368 695 2432 Μ.
718 2366 739 2431 f.
763 2368 953 2446 Si....inus,
976 2367 1007 2430 G
1030 2367 1149 2433 Asinius
1171 2368 1224 2432 cr.
1245 2367 1265 2431 i.

220 2623 249 2684 ι.
269 2614 296 2675 3.
339 2615 489 2692 appendic
508 2617 601 2691 lepram
622 2624 650 2674 at
672 2622 788 2673 senatus
806 2616 991 2672 camellorum
1004 2618 1036 2671 in
1050 2612 1191 2672 codicibus
1206 2615 1404 2691 manuscriptis

406 2705 559 2779 separatim
579 2704 624 2761 ael
644 2704 724 2777 apud
745 2711 853 2761 celares
873 2706 1025 2776 smiptcres
1047 2710 1227 2760 remotorum.

340 2952 347 2963 ⁶
426 2888 524 2961 legis
541 2888 702 2944 Mauritius
720 2906 802 2961 quac
820 2891 943 2944 dicitur
961 2890 1197 2960 fragmentum.

326 3050 418 3109 1696.
462 3052 534 3108 lnter
556 3066 725 3110 romanorum
747 3052 957 3124 agrinreusoruur
978 3051 1102 3129 reliquias
1125 3048 1301 3123 irspmeolunr
1317 3052 1406 3109 exstat

221 3138 289 3215 legis
304 3156 439 3209 romanae,
461 3140 533 3212 quod
556 3140 718 3196 inscribitur:
741 3140 795 3197 Lex
818 3136 929 3196 llamilia
952 3139 1046 3197 lloscia
1068 3138 1189 3195 Polluces
1205 3138 1300 3195 libent
1315 3134 1407 3195 Fabia.
1534 3174 1535 3181 .

222 3228 266 3287 dd
287 3227 377 3306 legem
400 3224 535 3283 liamiisrn
558 3225 646 3283 linium
668 3227 848 3298 regundorum
871 3227 914 3283 rel
935 3227 968 3282 ad
985 3226 1074 3298 legem
1090 3225 1227 3282 llamilism
1242 3225 1276 3280 ds
1292 3222 1406 3282 coloniis

223 3314 375 3390 pertinere,
398 3314 541 3369 communis
564 3314 623 3368 lens
644 3313 781 3386 persuasio
805 3321 880 3383 crat,
908 3330 995 3386 neque
1018 3318 1059 3369 tot
1080 3312 1213 3370 nominum
1234 3313 1407 3385 propriorum

225 3402 252 3459 in
273 3399 349 3456 titulo
371 3400 501 3455 rationem
524 3399 658 3471 quisquam
682 3399 817 3473 explicuit.
849 3400 902 3457 Sed
926 3417 994 3457 nuuc
1015 3399 1120 3472 quidem
1142 3398 1270 3455 Rudorllli
1284 3397 1408 3455 doctriua

223 3490 251 3545 st
273 3484 391 3543 scamina
415 3484 448 3541 de
478 3485 540 3555 lega
562 3485 618 3557 ipss
642 3485 750 3559 eiusque
778 3487 856 3544 titulo
886 3487 982 3543 certius
1012 3493 1125 3544 constat
1158 3478 1210 3564 (V.
1239 3484 1327 3541 liaber
1361 3485 1406 3542 die

222 3578 390 3647 soganauntc
419 3571 464 3627 lex
490 3568 601 3627 liamiliu
631 3572 665 3627 ds
693 3573 821 3643 coloniis3
850 3574 889 3630 io:
920 3573 1040 3646 savigny
1068 3571 1218 3629 Zeitsdrrllt
1248 3572 1291 3627 ittr
1312 3573 1430 3645 pesclu

221 3658 355 3718 lleebtsrr.
377 3657 438 3714 Vol.
461 3654 505 3715 tv.
527 3676 553 3732 p.
576 3649 666 3737 sta).
698 3660 739 3716 Ex
761 3660 817 3716 sius
840 3661 910 3719 enirn
931 3660 1061 3717 sententia
1083 3659 1261 3731 fragmentum
1280 3657 1406 3731 astiagis

221 3747 304 3805 lullae
325 3745 465 3818 agrarias,
492 3760 568 3819 quam
591 3745 681 3802 Gaium
704 3746 862 3818 Caesarem,
891 3747 908 3804 i.
931 3764 955 3804 a.
978 3747 1141 3819 caligulam,
1163 3744 1254 3803 tulisse
1277 3744 1408 3802 docsmm

221 3832 409 3891 acallistrato
437 3831 495 3889 iura
524 3832 647 3889 consulto
676 3832 702 3890 in
731 3834 901 3906 lligestururu
930 3833 957 3890 l..
980 3832 1008 3890 3.
1039 3850 1078 3908 pr.
1110 3832 1144 3889 ds
1175 3831 1288 3889 termino
1318 3839 1406 3903 tantm

221 3919 354 3979 nominum
376 3925 462 3975 summ
484 3919 509 3975 io
532 3919 606 3977 titulo
629 3921 744 3977 cumulus
766 3921 828 3977 inda
849 3920 991 3997 prousnit‚
1020 3920 1093 3994 qnod
1116 3937 1150 3977 sx
1173 3917 1337 3977 collectiore
1361 3919 1405 3976 ls-

220 4025 284 4081 gum
306 4013 336 4063 et
357 4006 644 4064 senatusconsultorum
673 4008 763 4064 similis
793 4009 942 4081 argumenti
965 4025 980 4064 s
1002 4006 1128 4065 Frontino
1159 4006 1283 4065 coniecta
1315 4005 1407 4062 titalm

219 4094 266 4151 illc
287 4093 464 4169 praescriptus
485 4092 594 4149 relictus
617 4099 675 4163 cst,
704 4095 780 4167 teges
803 4102 831 4153 rt
851 4103 956 4153 secatus
978 4094 1098 4153 consulta
1119 4096 1229 4168 practer
1257 4092 1312 4150 boo
1334 4091 1407 4166 lepis

221 4180 303 4240 laliss
324 4180 381 4238 sius
403 4180 517 4241 Gaianas
539 4180 715 4253 irspmsntusn
737 4181 928 4242 interciderant
950 4181 1047 4239 omnis.

323 4266 483 4333 Edidsruot:
507 4266 652 4327 Hadrianus
674 4266 810 4330 l'uruabns
833 4269 859 4329 io
878 4268 1039 4328 Auctoribus
1055 4267 1213 4342 legibusque
1227 4264 1268 4325 rei
1284 4264 1409 4340 sprsrias

326 4520 356 4590 1)
372 4522 474 4576 Ursinus
490 4524 601 4591 supplet:
620 4525 816 4580 srartcls'srrrn-
785 4524 868 4593 -2l
879 4525 1028 4595 'significari
1046 4525 1131 4596 lapenr
1147 4524 1181 4579 ds
1198 4522 1347 4578 maritandis
1364 4540 1409 4579 or·

224 4593 325 4653 dinibus
342 4593 446 4652 Ursinus
463 4596 594 4648 sabamae.
