3106 5122
341 429 364 494 5
383 428 408 480 8.
447 427 557 483 Tabulae
572 425 709 483 rietatem
725 426 874 483 1111111111
891 425 992 497 prdrlier
1008 428 1124 497 scriptae.
1262 425 1326 492 363

242 584 378 651 Omnium
399 585 615 667 provinciarum
636 584 737 668 populi
756 585 890 660 romani,
918 584 1024 667 quibus
1046 583 1183 649 finitimae
1202 584 1325 649 luerunt

134 679 263 754 gentos,
289 690 367 753 quae
389 671 517 735 nondum
540 679 681 753 parerent
701 673 826 752 imperio
849 679 968 751 nostro,
998 671 1074 735 lines
1096 673 1177 736 auxi.
1218 672 1324 736 aeliu
1403 730 1409 741 .

136 767 168 821 et
199 760 350 841 Hispanias
373 760 538 840 provincias
561 777 719 841 quousque
742 777 794 822 cas
816 757 896 822 alluit
918 759 1055 823 Oceanus
1077 756 1109 840 la
1132 758 1259 822 Gadibus
1287 759 1324 822 ad

136 848 247 909 ostium
269 846 352 909 Albis
374 846 499 909 huminis
522 852 552 905 et
575 863 650 927 quac
673 845 821 928 pertinent
842 864 859 908 a
882 847 1007 928 regione
1028 865 1064 908 ca
1088 863 1164 926 quac
1179 858 1324 928 proxuma

135 940 183 996 cst
205 932 352 996 Hadriano
375 931 505 995 moriad
528 932 657 995 Tuscum
679 933 848 1012 composui,
876 933 946 995 nulli
968 935 1049 1015 genti
1072 932 1148 997 bello
1170 951 1224 1015 per
1247 934 1326 996 11111-

133 1022 211 1081 riam
234 1019 322 1083 illato.
351 1019 459 1083 Classis
482 1037 602 1082 romana
624 1020 661 1081 ab
691 1021 769 1082 ostio
790 1018 885 1082 Rheni
915 1018 952 1082 ad
980 1018 1052 1082 solis
1074 1020 1197 1083 orientis
1219 1022 1325 1103 regio-

135 1125 206 1169 nem
230 1106 383 1187 usquead
407 1105 488 1170 orbis
511 1114 645 1168 extrema
667 1106 824 1187 navigavit,
847 1123 906 1186 quo
930 1124 1028 1186 neque
1044 1113 1122 1169 terra
1138 1126 1236 1187 neque
1253 1108 1326 1170 muri

135 1195 292 1275 quisquam
316 1193 513 1257 Romanorum
536 1200 604 1254 ante
626 1191 654 1253 id
684 1200 798 1273 tempus
821 1191 887 1255 adit.
933 1193 1098 1273 Cimbriqne
1121 1202 1150 1257 et
1174 1194 1325 1258 Charudes

135 1287 166 1342 et
190 1280 353 1343 Semnones
375 1288 406 1343 et
428 1279 560 1342 eiusdem
585 1287 694 1342 tractus
716 1279 763 1341 alii
787 1278 999 1343 Germanorum
1022 1279 1120 1361 populi
1139 1281 1323 1363 perlegales

135 1368 292 1430 amicitiam
314 1386 408 1429 meam
432 1375 461 1430 et
483 1365 582 1450 populi
605 1366 728 1441 Romani
751 1367 908 1448 petierunt.
957 1366 1028 1429 hleo
1051 1367 1132 1429 iusso
1164 1361 1197 1429 et'
1222 1369 1324 1449 auspi-

136 1455 185 1515 cio
208 1452 378 1517 ductisunt
401 1454 457 1516 duo
482 1455 633 1515 exercitus
655 1451 762 1515 eodem
784 1452 850 1514 fere
880 1459 1013 1533 tempore
1036 1453 1065 1515 in
1088 1453 1273 1535 Aethiopiam
1296 1461 1325 1516 ct

135 1541 166 1602 in
190 1542 344 1617 Arabiam,
374 1559 449 1621 quaa
480 1539 567 1602 adid
591 1547 746 1621 tempusa
777 1540 858 1604 nullo
887 1558 1015 1621 unquam
1041 1547 1096 1602 1111
1124 1539 1247 1603 Romani
1277 1547 1327 1603 aut

136 1628 211 1691 alins
232 1627 333 1709 populi
356 1629 489 1690 exercitu
511 1627 624 1688 invisae
647 1635 725 1689 sunt.
770 1625 801 1689 ln
818 1626 943 1689 Siciliam
966 1672 1323 1689 ............

242 1715 412 1796 Aegyptum
435 1714 535 1797 populi
564 1716 675 1775 romani
699 1712 791 1775 adieci
821 1715 952 1796 irnperio.
993 1714 1162 1776 Armeniam
1185 1714 1325 1776 maiorem

137 1800 300 1865 interiecto
323 1819 396 1883 rege
418 1804 483 1862 eins
506 1801 628 1863 Artaxia
651 1819 717 1862 cunr
741 1819 860 1881 possem
885 1796 1081 1882 [provinciam
1104 1799 1214 1885 lacere,
1237 1799 1325 1862 malui

136 1890 283 1952 1111111111
307 1896 475 1951 nostrornm
505 1887 643 1967 exemplo
672 1906 798 1969 regnum
829 1886 916 1948 idad
947 1888 1123 1969 Tigranem,
1152 1885 1325 1951 Artavasdis

136 1977 243 2052 lilium,
265 1971 419 2057 nepotem]
442 1975 576 2055 Tigranis
599 1974 697 2057 regis,
727 1993 781 2056 per
802 1974 865 2036 Tib.
891 1968 1071 2054 [Neronem
1102 1974 1150 2053 qui
1180 1980 1327 2036 tumeret

135 2064 289 2145 privignus
319 2079 420 2138 meus,
449 2057 639 2143 transferre}
684 2061 813 2123 Eandem
841 2068 961 2143 gentem
991 2067 1093 2142 postea
1124 2063 1326 2143 insurgentem

136 2158 170 2212 et
192 2148 394 2227 rebellantem,
416 2147 552 2211 domitam
577 2166 630 2229 per
653 2146 765 2225 Gaium,
787 2146 876 2211 lilium
898 2165 1012 2226 meum,
1035 2148 1100 2230 regi
1123 2147 1325 2227 Ariobarzani,

134 2237 220 2319 regis
243 2235 395 2299 bledorom
417 2233 590 2298 Artavasdis
611 2234 681 2312 lilio,
703 2232 864 2317 regendam
887 2234 991 2298 tradidi
1013 2240 1133 2316 etpost
1154 2236 1219 2298 eius
1242 2251 1326 2299 mor-

135 2332 198 2387 tem
220 2322 279 2386 lllio
302 2324 366 2385 eius
388 2322 556 2400 Artauasdi,
579 2341 638 2403 qun
661 2322 819 2385 interfecto
842 2320 1009 2404 Tigranem,
1033 2323 1083 2403 qui
1101 2330 1164 2385 erat
1179 2341 1218 2385 ex
1239 2323 1325 2403 regio

135 2428 252 2493 genere
274 2409 482 2473 Armeniorum
505 2408 666 2485 oriundus,
696 2411 725 2471 in
746 2408 776 2470 id
799 2426 926 2491 regnum
947 2410 1021 2472 misi.
1066 2409 1234 2474 Provincias
1258 2427 1327 2472 orn-

136 2500 195 2567 1111,
218 2515 294 2579 quae
318 2505 398 2560 trans
420 2496 597 2559 Hadrianum
621 2514 702 2559 mare
724 2505 851 2579 vergunt
881 2495 919 2558 ad
949 2497 1093 2561 orientem
1123 2496 1326 2578 Cyrenasque

135 2587 193 2647 inm
216 2604 256 2646 ex
277 2590 360 2666 parte
381 2601 487 2663 magna
509 2584 631 2665 regibus
655 2601 706 2645 cas
728 2583 964 2666 possidentibus,
986 2592 1017 2648 et
1038 2591 1123 2647 antee
1146 2583 1272 2648 Siciliam
1296 2590 1327 2646 ct

136 2670 298 2735 Sardiniam
322 2678 481 2753 occupatas
503 2670 580 2732 bello
604 2670 704 2732 servili
726 2672 899 2753 reciperavi.

210 2855 213 2860 ¹
241 2775 376 2838 Colonias
390 2776 419 2837 in
436 2773 545 2853 Alrica,
567 2775 672 2851 Sicilia,
695 2774 878 2849 Macedonia,
900 2782 1026 2856 utraque
1040 2774 1184 2856 Hispania,
1206 2770 1325 2851 Achaia,

134 2863 225 2941 Asia,
254 2863 357 2943 Syria,
387 2862 477 2923 Gallia
499 2861 700 2940 Narbonensi,
723 2860 826 2924 Pisidia
849 2863 967 2924 militum
997 2861 1115 2925 deduxi.
1159 2860 1237 2924 ltalia
1267 2880 1324 2924 nu·

134 2958 194 3013 tem
217 2949 357 3027 colonias,
381 2967 456 3029 quac
479 2949 546 3009 1111
570 2968 616 3010 me
640 2949 852 3011 celeberrimae
875 2956 905 3010 ct
926 2948 1182 3030 frequentissimae
1195 2947 1325 3027 luerunt,

135 3037 195 3099 dun
219 3035 256 3097 de
279 3036 398 3119 triginta
422 3035 562 3098 deductus
586 3036 681 3098 habet.
1032 3058 1036 3068 ·

240 3138 484 3223 Signamilitaria
508 3140 659 3223 complura
682 3158 737 3222 pcr
759 3139 832 3202 alios
854 3137 946 3202 duces
961 3138 1069 3203 amissa
1084 3138 1207 3203 devictls
1228 3139 1325 3203 hosti·

134 3228 192 3289 bus
215 3229 315 3309 recepi
345 3245 384 3289 ex
413 3227 551 3307 Hispania
582 3236 611 3289 et
643 3227 732 3289 Gallia
762 3233 792 3288 et
820 3245 838 3289 a
867 3225 1035 3290 Dalmateis.
1086 3226 1209 3290 Parthos
1238 3230 1325 3290 trium

133 3314 321 3376 exercituum
343 3331 530 3376 romanorum
562 3314 655 3395 spolia
685 3319 715 3375 et
745 3316 831 3396 signa
860 3312 987 3376 reddere
1017 3312 1085 3376 nribi
1115 3315 1325 3396 supplicesque

133 3402 291 3463 amicitiam
313 3401 411 3483 populi
433 3401 547 3462 romani
570 3408 673 3482 petere
696 3403 799 3483 coegi:
831 3419 866 3463 ea
885 3408 983 3464 autern
1014 3402 1098 3484 signa
1121 3402 1150 3465 in
1172 3401 1324 3484 penetrali,

133 3485 216 3571 quod
239 3494 287 3548 est
311 3488 470 3570 intemplo
494 3488 594 3550 biantis
616 3487 734 3565 Ultoris,
757 3491 888 3570 reposui.

237 3592 454 3656 Pannoniorum
477 3600 605 3675 gentes,
628 3610 703 3674 quas
726 3599 793 3655 ante
815 3612 863 3656 me
892 3593 1053 3675 prinoipem
1082 3593 1181 3676 populi
1212 3593 1325 3656 romani

132 3679 284 3741 exercitus
306 3697 454 3760 nunquam
477 3678 553 3756 adit,
584 3678 712 3743 devictas
742 3698 797 3761 per
819 3679 880 3741 Tib.
912 3679 1061 3743 Neronem
1091 3683 1140 3760 qui
1169 3688 1230 3744 1111
1261 3686 1325 3743 erat

131 3767 286 3848 privignos
308 3783 393 3831 mens
417 3774 446 3826 ct
468 3765 601 3847 legatus,
624 3766 748 3848 imperio
779 3766 878 3849 populi
899 3768 1014 3829 romani
1036 3767 1166 3843 subieci;
1195 3766 1323 3850 protuli-

131 3870 192 3937 que
215 3852 290 3915 lines
312 3852 417 3935 lllyrici
440 3852 476 3915 ad
499 3854 565 3917 lstri
586 3854 711 3917 duminio
732 3854 836 3936 ripam,
860 3853 904 3915 cis
927 3852 1008 3934 quod
1029 3854 1176 3918 Dacorum
1199 3872 1323 3935 magnus

131 3939 285 4003 exercitus
309 3941 380 4002 meis
410 3940 538 4022 auspicis
569 3940 744 4022 profligatus
775 3946 839 4018 est,
868 3941 1076 4019 exercitusque
1106 3959 1189 4005 meus
1218 3949 1324 4023 postea

131 4025 241 4175 duestus
264 4033 345 4091 trans
368 4027 471 4091 lstrunr
500 4027 610 4093 llumen
631 4027 778 4093 Decorum
807 4034 915 4109 gentes
937 4027 1057 4108 imperia
1086 4028 1188 4110 populi
1209 4028 1322 4093 ronrani

132 4130 188 4199 per
202 4130 271 4177 erre
292 4116 407 4198 coegit.

236 4214 283 4280 Ad
307 4234 353 4280 me
376 4237 416 4281 ex
436 4216 516 4281 lndiu
539 4237 643 4301 regum
667 4219 832 4302 legationes
855 4237 947 4305 saepe
970 4220 1076 4282 nrissae
1090 4227 1159 4283 sunt
1176 4237 1323 4302 nunquam

131 4311 223 4369 antea
247 4306 328 4369 visae
350 4305 427 4388 apud
452 4322 627 4385 quemquam
649 4306 848 4370 Romanorum
876 4307 1045 4387 principem.
1088 4306 1227 4370 Nostrum
1249 4308 1326 4369 arni-

130 4392 236 4457 citiam
257 4392 407 4472 petierunt
428 4411 482 4475 per
505 4393 622 4474 legatos
633 4393 794 4459 Bastarnae
816 4400 847 4454 et
867 4394 995 4475 Scythae
1017 4400 1048 4454 et
1068 4394 1264 4460 Sarmatarum
1281 4396 1325 4457 cis

128 4479 255 4541 Tanaim
277 4478 398 4543 11111111
421 4478 600 4560 Tanaimque
622 4481 696 4544 ultra
718 4497 818 4562 reges,
841 4479 1081 4562 Albanorumque
1102 4500 1160 4544 rer
1182 4479 1324 4544 11111111-

128 4584 234 4629 rorum
255 4571 286 4628 et
307 4564 463 4630 bladorum
486 4583 585 4649 reges.
