3106 5122
238 436 303 502 354
568 435 647 491 lusor.
664 435 793 506 protense.
827 434 891 506 Gap.
909 434 939 489 ih
976 433 1094 488 hahnius.

234 598 337 656 dierum
360 606 418 657 nota
441 598 516 656 addit
538 615 650 672 quorum
670 605 727 656 tres
750 606 811 656 sunt
834 598 930 655 mensis
954 595 1067 667 Augusti
1090 591 1148 650 anui
1165 591 1236 650 urbis
1253 590 1315 649 692
1335 592 1427 650 Siiauo

235 693 264 743 et
291 687 398 744 hiurens
427 687 583 743 Consulibus
615 678 667 765 (V.
697 686 765 743 inira
797 686 936 756 fragment.
967 684 1036 741 Viti.
1067 681 1112 738 tx.
1142 671 1203 761 ih),
1234 687 1341 752 quartus
1370 680 1427 736 dies

234 772 402 831 calendarum
425 772 549 830 Maiarum
571 779 613 830 est
635 772 694 830 anni
723 790 748 830 n.
779 790 802 829 e.
832 772 904 829 699.
927 769 1074 844 ·i’ompeio
1097 768 1193 839 hiaguo
1216 767 1249 824 li.
1272 767 1306 823 ut.
1327 766 1426 823 Licinio

234 861 331 917 Crasso
354 860 387 917 ii.
409 860 575 917 Consulibus.
607 852 722 937 (fragm.
750 851 821 939 xi).
859 859 934 926 Quae
964 856 1116 931 posteriora
1138 859 1255 928 qnntnor
1278 853 1427 926 fragmenta

234 948 386 1004 Dodmeitus
415 946 513 1022 primus
537 947 554 1004 i.
577 946 594 1003 i.
625 963 658 1002 ex
693 946 851 1019 apographo
882 944 1014 1002 Vossiano
1037 942 1130 1001 edidit.
1175 941 1253 1010 Quod
1275 940 1428 1015 exemptum

235 1035 385 1092 Gronovius
416 1051 506 1090 secum
540 1035 572 1090 ab
602 1034 622 1089 t.
655 1033 756 1090 Lochio
787 1050 846 1088 esse
880 1031 1098 1088 communicatum
1132 1028 1224 1085 scribit
1253 1028 1287 1085 ah
1316 1030 1427 1086 sueton.

233 1121 284 1178 iut.
307 1121 413 1178 Caesar.
435 1139 458 1177 c.
482 1121 541 1190 20,
563 1120 591 1176 id
621 1136 674 1177 non
697 1120 802 1176 tertiam
830 1120 977 1175 eorundem
1002 1119 1213 1190 fragmentorum
1243 1116 1427 1174 recensionem

233 1208 372 1282 praehet,
413 1206 461 1263 sest
499 1207 567 1263 hand
606 1208 676 1263 atiud
707 1213 748 1263 est
785 1222 863 1279 qoam
898 1204 1056 1262 Vossiannm
1091 1220 1107 1259 a
1145 1202 1286 1260 nonnette
1320 1203 1426 1260 editam.

234 1295 275 1351 De
307 1294 348 1351 uis
377 1292 444 1351 binis
473 1300 562 1350 nutem
592 1292 737 1367 exemptis,
770 1292 899 1363 Pighinno
928 1301 955 1350 et
978 1292 1129 1361 Vossiano,
1163 1288 1317 1364 Pighiannm
1339 1308 1423 1367 prae-

234 1386 294 1439 stat.
328 1381 453 1449 Quaestio
483 1387 571 1437 nuum
593 1380 644 1436 hae
667 1387 786 1438 actorum
809 1380 937 1452 reliquiae
959 1378 1094 1451 genuinae
1115 1375 1185 1449 aiut,
1214 1394 1265 1434 nee
1287 1394 1331 1450 ue,
1354 1378 1427 1436 sarie

235 1475 278 1525 est
301 1485 316 1524 u
339 1468 403 1526 virts
426 1468 511 1525 doctis
536 1474 659 1524 tractata.
703 1466 807 1523 Plurimi
837 1466 886 1522 viri
911 1468 983 1523 docti
1006 1466 1075 1523 iuter
1097 1479 1165 1538 qnos
1187 1460 1304 1539 Lipsius,
1326 1467 1426 1538 Georg.

235 1555 382 1625 Graevius,
405 1554 528 1626 Pighius,
551 1554 771 1627 Oudendorpius,
795 1553 1045 1626 Drakenborchius,
1068 1551 1236 1624 hinrntorins,
1258 1554 1277 1609 i.
1300 1552 1332 1610 t.
1354 1555 1426 1612 rau-

234 1642 330 1714 ricius,
362 1642 424 1698 Chr.
455 1642 567 1711 Sarius,
598 1641 694 1697 Ezenh.
725 1639 915 1714 spanhemius,
946 1641 1004 1711 atii,
1033 1656 1085 1715 pro
1114 1638 1237 1709 genuinis
1259 1640 1427 1714 hahuerunt3

178 1782 181 1787 .
235 1728 291 1800 ahi,
314 1736 343 1785 nt
364 1728 507 1786 Weiserus
530 1727 771 1801 Norimhergensis,
798 1727 911 1784 Thonsss
935 1727 1080 1798 heinesius,
1109 1722 1261 1796 Gihhnuns,
1290 1728 1318 1785 P.
1340 1728 1427 1787 Wes-

234 1815 384 1888 setiogins,
414 1815 557 1886 Benniort,
589 1813 627 1871 io.
650 1816 682 1871 h.
705 1813 820 1885 Ernesti,
841 1815 917 1872 Gaet.
938 1814 1078 1884 hiacintus,
1099 1812 1141 1870 tn.
1164 1812 1193 1870 G.
1216 1814 1356 1873 Sohiosssr
1377 1834 1427 1891 pro

234 1901 419 1977 suppositieiis.
463 1902 504 1958 Ex
534 1916 627 1959 eornm
645 1918 756 1958 numero
780 1901 823 1975 qui
845 1908 967 1974 tauquam
990 1901 1077 1975 spuria
1096 1899 1219 1958 reiiciuut
1233 1902 1349 1975 primarii
1367 1910 1428 1961 sunt

235 1990 328 2046 Petrus
351 1988 547 2059 Wesseiiugins
569 1989 596 2045 in
626 1989 807 2046 Probabiiihus
838 1981 1042 2067 (Fraueqnorae
1073 1979 1175 2065 1731)
1197 2004 1260 2061 pag.
1284 1988 1346 2046 354
1370 2006 1427 2067 sqq.

236 2082 264 2134 et
285 2075 394 2132 Lectern
417 2076 443 2131 in
466 2076 535 2132 tihro
559 2075 603 2149 qni
625 2075 791 2133 inscribitur:
821 2074 875 2131 ties
897 2076 1029 2133 inuruaux
1051 2076 1117 2131 cheu
1138 2075 1177 2131 ies
1200 2074 1329 2134 Romaim.
1353 2070 1427 2158 (Pa-

236 2162 282 2220 ris.
309 2153 430 2239 1838);
452 2162 520 2219 inter
544 2164 658 2235 eosqui
682 2161 827 2218 detendunt
857 2170 966 2236 praeter
988 2162 1154 2219 Dodweiiurn
1184 2159 1211 2218 in
1233 2162 1427 2224 Praeiectinui·

173 2276 176 2281 >
236 2251 287 2307 hus
312 2248 506 2319 firmissimis,
529 2250 557 2308 G.
573 2249 603 2305 E.
623 2250 650 2304 F.
666 2248 893 2306 hieherisuehnius
910 2249 936 2305 in
955 2248 1080 2306 vindiciis
1099 2248 1226 2305 iihrornm
1248 2240 1341 2309 iniuria
1364 2270 1426 2311 sus-

237 2340 387 2411 pectorum.
431 2334 542 2409 Lipsiae.
575 2333 665 2392 1844.
696 2354 721 2409 p.
748 2334 881 2393 t-too.
909 2336 953 2409 qni
975 2336 1037 2394 mihi
1060 2335 1166 2408 quidem
1189 2339 1351 2409 argumentis
1375 2342 1426 2397 att·

235 2422 343 2480 modum
371 2423 553 2496 probahilibus
582 2425 651 2478 haec
674 2422 821 2495 tragmeuta
845 2440 860 2479 a
888 2423 1041 2497 suspicione
1069 2422 1427 2486 eritteemmatnuteavisse

235 2509 349 2567 uidetur.
380 2510 420 2566 De
441 2510 506 2566 actis
528 2508 599 2566 urhis
615 2509 712 2566 diurnis
730 2510 755 2565 in
775 2511 925 2566 universnm
942 2511 1000 2584 ipse
1019 2510 1160 2583 aliquando
1182 2509 1208 2567 in
1230 2522 1432 2586 programmate

237 2594 418 2655 universitatis
439 2595 624 2669 Frihurgensis
657 2614 698 2653 nn.
724 2595 805 2652 1634
829 2590 938 2676 (Ueher
967 2596 1009 2655 die
1038 2596 1186 2670 Zeitnugen
1209 2596 1257 2655 des
1279 2600 1350 2659 ahten
1373 2602 1432 2660 iiti-

177 2728 183 2746 .
237 2677 316 2764 mer)
339 2684 466 2755 disserui,
496 2700 564 2757 quae
596 2683 783 2741 commentatio
806 2684 984 2758 ephemeridi:
1014 2684 1194 2756 hiergeuhiatt
1221 2685 1264 2741 tur
1292 2689 1431 2761 gehsirtete

236 2772 365 2830 Stneude.
392 2770 485 2827 1835.
506 2788 533 2844 p.
559 2770 617 2827 tut
642 2788 700 2844 sqq.
721 2770 821 2827 inserta
844 2778 893 2828 est.
936 2771 1079 2847 Copinsius
1101 2779 1130 2828 et
1149 2772 1296 2830 accuratius
1319 2779 1432 2850 posthac

239 2857 275 2915 de
299 2856 394 2915 eadem
417 2875 447 2915 re
471 2865 585 2930 egerunt
607 2857 643 2914 Le
665 2858 744 2915 Clare
764 2857 791 2915 in
814 2858 883 2915 hiero
905 2876 983 2933 supra
1004 2858 1130 2916 tardato:
1153 2860 1207 2915 Des
1228 2860 1360 2921 ioumanx
1382 2866 1431 2922 des

239 2945 349 3003 enciens
380 2944 521 3015 Romains3
552 2945 776 3003 Lieherhnehnius
807 2951 859 3002 tam
890 2945 915 3002 iu
945 2946 1174 3003 commentatione
1196 2945 1230 3001 de
1253 2949 1351 3007 diurnis
1372 2952 1430 3011 uo-

241 3048 380 3091 manorum
404 3033 469 3090 actis
500 3027 652 3112 (vincarias
684 3026 787 3112 totu)
818 3048 894 3105 quam
917 3033 942 3088 in
965 3032 1034 3089 iihro
1057 3050 1137 3107 supra
1159 3033 1268 3091 laudato
1290 3034 1432 3096 Vindicia-

237 3137 316 3190 rum3
336 3119 466 3191 Schmidt,
488 3120 640 3179 Zoitschriit
657 3121 701 3177 tttr
720 3118 1067 3178 Geschichtswissensohuit.
1097 3120 1303 3181 ueritatem.
1325 3124 1345 3182 1.
1360 3126 1433 3185 ttetc

237 3224 264 3281 p.
288 3204 350 3263 sot
375 3220 449 3279 seqq.

694 3324 729 3388 V.
759 3323 821 3389 Kal.
844 3322 982 3408 Aprileis.

342 3425 454 3492 Fasces
475 3445 569 3509 penes
596 3426 764 3492 Aemilium.
793 3430 875 3492 Bene
904 3449 990 3494 mane
1017 3429 1192 3497 sacrificavit
1214 3432 1250 3496 ad
1271 3432 1433 3516 Apoltirnis3

239 3530 299 3580 ove
322 3513 397 3577 iecit
417 3514 595 3578 Laurentiae
608 3510 647 3596 ¹).
676 3514 755 3579 liora
778 3523 883 3580 octaua
904 3524 1025 3581 senatus
1054 3524 1176 3582 cosmus
1196 3521 1226 3583 in
1247 3520 1379 3586 Hostitiu.
1401 3525 1430 3588 S.

240 3601 272 3664 C.
294 3600 406 3664 ineman
428 3608 486 3677 est,
507 3602 548 3663 uti
570 3608 726 3682 praetores
748 3622 788 3665 cx
810 3604 874 3667 suis
903 3605 1054 3686 perpetuis
1082 3604 1189 3669 edictis
1214 3609 1261 3671 ins
1288 3607 1432 3673 dicerent

240 3689 275 3762 Q.
298 3688 446 3751 Minucius
468 3686 593 3768 Scapula
616 3696 775 3753 accusatus
797 3691 835 3754 dc
858 3692 886 3753 vi
900 3710 919 3753 a
933 3693 964 3754 P.
978 3691 1100 3756 Lentulo
1122 3692 1199 3772 apud
1221 3693 1273 3758 Cn
1294 3694 1432 3760 Barbium

239 3774 287 3927 ξι.
308 3773 540 3925 uffiffiotenuus
563 3792 581 3839 a
604 3774 636 3839 C.
659 3774 788 3858 Sulpicio
809 3780 965 3842 sententiis
987 3779 1200 3845 condemnatus
1221 3781 1285 3846 XV.
1307 3782 1434 3867 ampha-

252 3880 288 3928 us
431 3907 439 3923 .

683 3983 730 4049 iv.
760 3984 823 4049 [tat.
846 3985 983 4068 Apriieis.

344 4085 454 4153 Fasces
476 4104 568 4171 penes
590 4086 741 4153 Licinium.
765 4086 993 4174 Futguravit2),
1015 4095 1110 4157 tonuit
1139 4101 1170 4159 ct
1199 4112 1328 4178 quercus
1355 4100 1433 4164 taeta

241 4172 273 4238 in
300 4192 412 4239 summa
441 4174 524 4238 Velia
561 4176 689 4258 pontium
712 4196 730 4239 a
757 4176 890 4239 meridie.
935 4177 1011 4243 Rixa
1040 4181 1077 4244 ad
1105 4179 1206 4247 Ianum
1236 4183 1367 4250 infimum
1401 4187 1437 4250 in

241 4279 386 4345 caupona,
409 4266 439 4327 et
461 4280 556 4345 caupo
580 4261 616 4324 ad
637 4263 745 4326 Ursum
766 4261 914 4347 galeatum
936 4267 1069 4348 graviter
1090 4270 1249 4334 sauciatus.
1277 4270 1311 4335 C.
1334 4272 1431 4335 Titin-

241 4348 308 4415 nius
335 4347 410 4415 hed.
438 4349 478 4433 pi.
508 4348 646 4415 mulcavit
676 4348 788 4431 lanios,
827 4349 907 4433 quod
937 4371 1056 4419 carnem
1093 4354 1295 4425 vendidissent
1321 4358 1432 4444 populo

347 4588 376 4661 t)
393 4590 432 4649 ha
448 4590 520 4649 Voss.
538 4591 674 4651 increato.
691 4591 763 4665 Ptgh.
780 4620 814 4637 ··-
831 4590 862 4664 ι]
877 4594 1029 4664 fshntunait.
1046 4598 1118 4657 Voss.
