3102 5118
437 433 461 500 a
480 404 521 490 is.
556 424 718 493 nanum
734 442 761 493 a
777 442 988 495 remanum
1005 445 1098 507 prun
1299 440 1365 511 aot

171 593 268 673 periali
296 594 433 656 neonem
462 594 488 654 nl
513 596 626 657 militari.
670 597 790 657 velletri.
822 597 913 655 laun.
943 616 969 673 p.
999 597 1071 657 atr.
1100 598 1149 658 No.
1171 600 1244 661 403.
1285 602 1367 662 Neda

171 685 245 743 curis
267 684 379 757 avegio
401 683 542 751 iliustrarit
562 685 676 741 Rudorll
694 685 737 741 in:
768 685 898 757 savigny.
920 686 1071 744 Zeitacbrilt
1092 688 1135 745 ltr
1157 688 1367 761 peaobicbtlirbn

171 770 427 829 Recbbuisuensob.
449 771 523 829 Tou.
544 771 602 829 ΧΗ.
626 763 760 852 (1845.)
781 790 808 847 p.
833 770 1021 830 uun-392.
1044 773 1118 831 euius
1136 775 1288 850 exemplum
1307 795 1367 834 cum

171 857 363 932 supplementis
385 857 428 914 bic
457 858 643 932 transcriptum
673 858 772 915 dumus.
818 859 985 916 Testamenta
1017 861 1120 918 etiarnsi
1150 862 1279 935 capitibus
1302 865 1366 938 ple·

170 960 283 1017 usuque
305 942 516 1016 distinguantur,
539 944 721 1001 baronianum
744 945 794 1004 buc
823 945 1009 1017 distributione
1032 954 1116 1004 caret.
1149 948 1269 1023 Cupitum
1294 950 1365 1008 dist-

170 1029 271 1109 ributio
289 1047 367 1105 quana
382 1030 537 1102 addidimus,
559 1031 687 1088 Rudorbii
702 1037 751 1089 eut.
795 1032 956 1090 inuruntur
974 1034 1027 1090 boo
1047 1042 1244 1094 mouumentum
1266 1032 1366 1096 bonane

170 1134 256 1194 penas
270 1116 419 1175 lmtitotunu
433 1118 675 1191 arabaeologieum.

588 1235 800 1319 Testamentum
814 1236 951 1303 Dasumi.

239 1346 297 1410 b
342 1346 494 1423 Quoniam
515 1355 561 1411 eat
579 1357 704 1428 nectam,
726 1357 878 1432 praestare
887 1394 1000 1414 ......
1023 1353 1135 1415 uolam
1157 1351 1364 1419 ranimimue..

170 1436 959 1539 ....,aisenomcnuauumlaturusaprcudpnit
965 1484 1079 1502 ......
1101 1456 1236 1503 maurino
1261 1443 1366 1522 larh-

170 1526 277 1589 aarum
298 1539 339 1587 ex
360 1522 447 1587 uncie
468 1521 556 1585 lueres
577 1530 640 1586 calo
662 1542 784 1624 masque
804 1525 936 1588 nominis
957 1523 1163 1626 moneamus
1173 1526 1366 1593 wadum

172 1609 289 1673 emmila
310 1610 344 1671 iu
366 1608 470 1673 debus
491 1616 609 1672 neamus
626 1611 777 1690 menimis
799 1612 908 1692 quibus
923 1611 1025 1675 sanast
1032 1614 1210 1694 poteritque
1244 1613 1366 1690 Quodui

171 1698 218 1763 ila
239 1696 384 1774 masat,
413 1703 483 1759 cmc
504 1695 648 1775 Septem
668 1696 858 1773 mannan,
887 1704 1051 1761 matertera
1070 1718 1145 1765 man
1168 1701 1365 1783 pientissima,

172 1781 739 1884 mdnbmmcrloeaeadanparlc.
780 1784 1365 1851 Sineceamibiborescrillunc..

173 1869 289 1951 ..lilia
311 1869 445 1934 Servium
460 1888 500 1932 eu
522 1870 624 1932 endan
643 1873 737 1933 anan
758 1871 830 1933 milui
852 1871 939 1934 beros
961 1879 1033 1935 eolo.
1067 1872 1118 1934 En
1139 1872 1258 1955 reliqua
1275 1882 1367 1954 parte

178 1957 275 2020 Ursus
288 1956 457 2019 Seminane
473 1956 610 2021 donans
626 1974 711 2021 meus
732 1959 802 2021 inibi
824 1957 913 2022 berea
935 1965 1009 2021 esto.
1051 1958 1087 2023 Si
1106 1960 1275 2023 Sunium
1294 1961 1368 2024 ouili

173 2043 262 2106 bcrcs
281 2062 346 2105 non
366 2044 431 2119 crit,
454 2050 563 2106 lunc..
586 2051 654 2106 el..
676 2044 746 2107 mibi
761 2044 888 2108 heredes
909 2052 1010 2109 sunto.
1030 2044 1106 2108 Si..
1130 2054 1199 2110 ct..
1220 2047 1365 2112 mileiba·

173 2131 263 2194 redes
283 2148 346 2195 aon
368 2136 465 2207 aunt,
493 2138 563 2193 lanc
584 2130 772 2195 Bassania..
794 2132 864 2194 mibi
893 2130 984 2194 heres
1006 2139 1085 2196 esto.
1129 2133 1160 2198 si
1183 2133 1364 2199 Remmia..

173 2217 247 2281 mila
267 2216 354 2281 berec
374 2236 437 2281 nun
468 2217 541 2294 erit,
571 2225 682 2281 tnnc..
706 2225 764 2280 el
778 2217 881 2282 .mibi
908 2217 1033 2281 laedes
1058 2226 1149 2284 sunto
1178 2219 1269 2303 lique
1292 2239 1365 2285 cen·

174 2304 304 2367 nanto
292 2322 325 2366 m
347 2303 453 2366 dicbus
482 2311 598 2368 centum
614 2292 778 2386 monimo,
808 2304 917 2387 quibus
937 2306 1063 2368 scierint
1079 2313 1287 2390 poteruntque
1331 2309 1366 2373 Si

174 2410 232 2452 nec
253 2409 355 2455 eorum
377 2393 535 2472 qaisquam
557 2394 702 2468 creuerit,
733 2397 802 2455 tunc
825 2392 923 2475 Sycbe
942 2393 1050 2455 nutrice
1078 2389 1196 2479 b(cnc)
1219 2389 1366 2483 muita)

175 2496 216 2541 cn
239 2479 342 2540 cadem
360 2485 451 2559 purte
471 2477 545 2541 mibi
565 2478 655 2542 bores
675 2486 746 2542 cela.

277 2590 311 2654 lt
354 2588 471 2657 Amicis
491 2591 566 2655 meir
587 2591 662 2657 benc
682 2593 864 2657 mmcnlibns
885 2592 960 2657 iutra
981 2594 1116 2675 scriptis,
1138 2595 1275 2675 nunquia
1294 2593 1367 2659 mibi

172 2678 261 2742 lucrm
283 2678 356 2754 nit,
387 2696 454 2742 cnm
479 2697 560 2759 rope
580 2680 710 2761 fideique
740 2682 805 2743 eius
826 2682 992 2757 conmilto,
1022 2681 1066 2744 uli
1086 2680 1136 2743 del
1155 2681 1283 2761 sinpulis
1303 2682 1367 2745 auri

172 2767 205 2830 P.
227 2764 334 2830 libras:
356 2763 491 2843 lulio..,
655 2783 713 2843 no,
735 2766 857 2831 Volusio
881 2765 1005 2843 loliano,
1036 2812 1165 2846 ......‚
1186 2766 1289 2831 Plinio
1311 2787 1366 2831 ne·

174 2852 292 2928 cundo,
323 2849 462 2916 Cornelio
493 2850 599 2915 Tacito
613 2899 724 2915 ......
748 2855 916 2934 auspicato,
946 2852 1068 2935 siugulis
1080 2898 1214 2931 .......
1243 2850 1366 2917 Minicio

174 2940 265 3003 lusto.
279 2936 389 3017 Fabul,
408 2984 522 3002 ......
543 2936 626 3002 lunio
655 2939 755 3015 Auito,
777 2939 882 3002 Pontio
904 2938 1045 3001 Laelinuo
1058 2985 1169 3002 ......
1192 2940 1366 3023 Sempronio

175 3025 328 3089 crescenti
355 3023 489 3088 Ianuario
502 3072 615 3089 ......
668 3024 789 3089 Licinio
818 3026 935 3107 nepoti,
966 3025 1062 3088 Tullio
1091 3026 1236 3103 Varroni,
1266 3028 1366 3092 Satrio

173 3112 256 3193 Ruso
257 3158 390 3184 .......
413 3111 539 3181 Minicio
554 3112 698 3191 Anniano,
713 3111 859 3194 Appuleio
871 3111 988 3193 Nepoti,
1015 3111 1148 3174 Remmia
1177 3112 1365 3177 Martiali...

175 3245 247 3262 ....
269 3200 346 3263 nabo
359 3197 502 3278 Acantho,
523 3199 614 3262 Fabio
629 3198 773 3277 Rustioio,
786 3244 900 3261 ......
923 3215 976 3278 co,
999 3200 1078 3281 aguis
1093 3198 1214 3263 Phoebo
1237 3207 1269 3263 et
1288 3199 1365 3266 Ser-

173 3292 254 3366 ualo,
277 3332 393 3349 ......
423 3284 542 3348 Valerio
559 3282 702 3362 Hermeti,
724 3284 850 3348 Otacilio
872 3284 910 3348 Or
922 3331 1036 3347 ......

276 3397 321 3462 ΙΙΙ.
364 3397 543 3479 Sempronio
564 3396 697 3461 Proculo
727 3397 953 3475 iurisconsulto,
981 3397 1080 3462 Ateio.
1110 3417 1148 3461 nn.
1314 3417 1366 3479 no,

174 3483 315 3550 Cornelio
344 3483 676 3566 seni,1ui'usl'brepto
715 3492 744 3547 el
761 3531 871 3549 ......
901 3483 1088 3569 Apollodoro
1117 3484 1206 3549 adlini
1228 3505 1304 3551 meo.
1327 3484 1365 3551 X.

177 3591 268 3643 cxxv
290 3572 428 3653 contari
448 3572 521 3637 nolo
533 3617 648 3634 ......
670 3572 799 3654 illaque
822 3573 888 3635 eius
910 3590 1073 3653 eorumque
1095 3572 1262 3651 committo,
1292 3579 1365 3637 ut.

239 3677 311 3723 ,οι
338 3665 517 3724 remearent
539 3657 712 3737 Cordubae,
741 3660 784 3721 ita
804 3666 838 3721 al
857 3658 912 3722 sub
940 3658 1138 3739 inscriptione
1160 3660 1284 3723 nominis
1307 3661 1368 3722 med

174 3708 395 3813 consecrantum
394 3791 532 3822 .......
555 3763 646 3846 opera
669 3763 760 3826 supra
782 3746 890 3827 scripta
911 3744 981 3807 liant
1003 3748 1067 3807 eius
1096 3763 1258 3827 coramque
1279 3746 1366 3809 arbi·

174 3841 257 3899 lrnlu
279 3876 392 3899 ......
414 3832 544 3915 fideique
567 3835 631 3896 eius
654 3850 817 3914 corumque
840 3834 998 3907 committo,
1020 3839 1054 3894 ul
1064 3877 1179 3896 ......
1201 3839 1256 3896 est

277 3945 324 4010 ll.
369 3944 526 4010 banaian
543 3944 643 4026 syene
665 3945 773 4009 uuiaet
784 3990 951 4007 ........
969 3962 1117 4007 reducum
1138 3960 1241 4009 areum
1262 3963 1365 4027 pecn-

174 4042 266 4113 torcs,
277 4077 445 4097 ........
456 4031 608 4115 blegent,
630 4038 748 4115 praeter
771 4048 866 4113 quem.
888 4030 926 4095 X.
949 4031 983 4111 G,
996 4078 1004 4093 .
1017 4078 1024 4093 .
1038 4077 1045 4092 .
1059 4078 1067 4093 .
1079 4077 1108 4095 ..
1132 4035 1293 4114 ..arpenti
1313 4051 1365 4096 ao-

174 4122 237 4185 emi
257 4129 288 4185 et
308 4120 407 4203 potori
428 4137 469 4182 ex
490 4136 557 4182 mea
587 4120 668 4201 quod
697 4118 822 4200 elmerit
832 4162 1006 4182 ........
1019 4118 1157 4182 marten
1175 4120 1243 4183 sire
1264 4119 1366 4202 pbilu·

174 4226 237 4273 rm
259 4207 477 4273 maurorum
492 4250 604 4270 ......

278 4318 313 4383 V.
360 4325 472 4382 ....et
507 4318 645 4383 Semnum
675 4320 821 4384 nolanum
852 4325 882 4381 et
911 4336 961 4402 my
973 4363 1185 4381 ..........
1198 4317 1365 4382 rationibus

174 4405 299 4471 redditis
320 4424 386 4470 canu
409 4405 673 4470 contubernalibus
693 4408 757 4469 suis
778 4404 891 4468 liberas
912 4424 977 4468 esse
996 4404 1087 4468 iubeo
1098 4451 1249 4469 .......
1261 4404 1291 4468 bi
1307 4422 1365 4469 oo-

175 4512 242 4560 cum
265 4500 296 4558 et
318 4512 347 4557 o
369 4494 522 4559 Numicum
545 4492 568 4555 C
570 4539 787 4557 ..........
799 4499 829 4555 et
857 4492 1068 4556 Diadumenum
1099 4493 1242 4556 notarium
1254 4538 1363 4555 ......

219 4598 358 4647 „mnam
380 4581 594 4663 sumptuariam
608 4580 772 4647 rationibus
791 4580 919 4643 reddita
933 4598 1001 4642 cum
1018 4579 1227 4644 contubernali
1240 4552 1394 4641 liberm*
1486 4672 1489 4677 ⁴
1534 4590 1550 4667 ᾗ
