3106 5122
481 433 506 498 ς.
524 433 551 488 a.
586 431 769 502 actapublice
786 432 985 503 municipiorum.
1262 422 1325 496 abi

238 589 305 652 Aet.
327 586 398 651 ldib
422 584 571 662 luniisO
594 588 702 653 Ninnio
723 590 829 669 Hasta,
861 591 890 653 P
913 588 1030 654 blaailio
1061 586 1188 670 Vopiseo
1217 588 1284 652 Cos.
1299 584 1327 670 ¹)

239 674 470 738 Dedicatumll.
501 676 580 759 Aug.
602 676 708 740 iisdem
740 677 872 742 Cos.—
896 681 924 737 lu
948 681 1037 737 tabula
1060 696 1207 737 marmorea
1229 678 1329 737 flamna

133 768 200 826 olim
225 767 293 841 apud
325 766 442 824 bladeios
466 774 609 824 asservata.
653 768 852 842 inscriptionem
882 768 1020 841 probabile
1043 774 1086 824 est
1105 766 1205 842 piretrii
1228 758 1326 845 (ppp-

130 847 215 932 apt'a,
238 842 423 931 ppoaape'ta)
454 853 535 927 ipsius
558 854 638 912 luisse
660 854 718 911 sivs
740 855 847 912 scholae
871 872 886 910 a
909 855 1027 911 Vesbiuo
1049 855 1146 912 liberto
1169 854 1326 926 Augustali-

131 944 185 1000 bus
208 940 354 998 Caeritsais
377 941 500 997 donatae.
545 942 670 998 Continet
700 942 787 998 omnia
817 948 875 997 acta
906 942 938 998 ad
961 941 1029 998 bano
1052 942 1221 998 donatiouem
1243 957 1326 1016 spec·

131 1030 220 1086 tantia
243 1044 279 1085 ax
301 1028 493 1085 commentario
515 1027 648 1102 municipii
679 1028 833 1101 quotidiano
864 1027 1017 1103 descripta,
1046 1027 1185 1085 videlicet:
1212 1020 1249 1106 1)
1273 1029 1326 1083 do·

132 1123 237 1173 oretum
260 1115 446 1185 decurionum,
468 1131 522 1187 quo
545 1113 620 1172 locui
643 1114 762 1172 Vesbino
784 1114 892 1189 publica
915 1116 992 1171 datur
1014 1115 1046 1170 nd
1070 1115 1200 1189 pbelrium
1219 1114 1325 1172 lacian-

132 1204 195 1260 dunr
213 1209 292 1275 atqns
308 1202 414 1274 gratiae
431 1209 561 1273 aguntur,
584 1194 622 1280 2)
639 1202 777 1277 epistolam
794 1203 970 1260 Decurionum
991 1203 1025 1258 da
1042 1219 1073 1259 ea
1089 1216 1119 1258 ra
1133 1203 1165 1258 ad
1182 1201 1326 1258 Curiatium

132 1292 266 1348 Cosanum
296 1288 429 1362 municipii
458 1289 628 1359 Curatorcm3
663 1281 701 1367 3)
725 1307 880 1362 responsum
903 1288 1039 1361 eiusdem,
1069 1306 1123 1362 qno
1150 1289 1326 1347 Decurionnm

134 1378 272 1436 decretam
295 1382 380 1433 ratum
403 1376 491 1432 habet.

238 1463 316 1521 Edita
341 1466 383 1523 esi
406 1462 542 1537 inscriptio
565 1481 580 1519 a
603 1462 694 1520 Fuluio
716 1462 813 1520 Ursino
836 1481 861 1520 n.
883 1462 989 1521 XXXV.
1012 1462 1082 1538 apud
1104 1463 1263 1520 Brissoninm
1287 1465 1327 1521 llo

136 1551 248 1609 lormul.
270 1551 303 1607 ll.
329 1549 399 1606 169.
423 1550 484 1605 Ald.
507 1549 648 1606 bisuntium
671 1550 854 1625 Orllrograpb.
876 1551 924 1607 Ed.
946 1551 966 1608 l.
987 1569 1013 1625 p.
1037 1550 1109 1607 265.
1148 1548 1223 1607 llari.
1240 1550 1332 1608 Smetii

139 1640 229 1695 lusor.
258 1638 306 1695 iol.
339 1636 386 1693 16.
417 1637 555 1692 Gruterum
584 1656 610 1711 p.
641 1634 712 1693 214.
746 1637 867 1695 llanbold
894 1636 1334 1712 Ilionam.leg.p.237.01ell.

133 1726 229 1782 3787.
252 1725 347 1798 Eggor
369 1718 488 1780 Examen
511 1724 558 1779 des
581 1723 730 1781 ilistorieus
752 1723 901 1797 d'Aaguote
923 1741 949 1799 p.
973 1724 1035 1781 390
1057 1742 1132 1799 seqq.

245 1854 338 1912 1744.
382 1850 538 1913 Decretum
562 1850 762 1915 decurionum
780 1851 977 1915 Cumanorum
996 1851 1033 1914 de
1048 1850 1160 1919 Licinio
1174 1852 1331 1917 sacerdota

132 1936 267 2005 creando
289 1938 324 2001 ll.
345 1956 435 2021 supra
458 1956 485 2000 a.
509 1935 582 2001 380.
605 1955 634 2018 p.
657 1937 709 2001 42.
1119 1967 1123 1973 -

159 2076 164 2083 “
241 2071 332 2129 1746.
377 2067 465 2130 liviri
487 2074 519 2129 cl
541 2067 724 2131 Decuriones
754 2067 1047 2150 Furosemproniens.
1085 2066 1165 2132 Vero
1193 2069 1326 2132 salutem.

238 2155 274 2218 lta
296 2155 446 2237 dignitatis
469 2161 536 2216 tuae
560 2156 755 2236 tollentique
787 2156 859 2218 tituli
886 2155 1001 2218 iudiciis
1030 2156 1235 2237 principalibus
1256 2158 1326 2238 pul-

132 2243 196 2306 obri
220 2248 250 2303 et
271 2244 300 2304 in
322 2260 385 2304 rem
408 2241 552 2322 publicam
575 2241 610 2303 N.
621 2238 653 2324 ²)
677 2241 813 2304 notabilis
828 2242 1024 2306 munificentia
1041 2249 1070 2304 et
1086 2242 1229 2321 adlectus
1251 2261 1327 2324 quos

133 2331 249 2394 civibus
272 2331 382 2392 nostris
405 2346 483 2392 nuno
506 2329 571 2409 ipse
592 2336 726 2410 praestas
749 2346 826 2392 nuno
848 2329 885 2391 ab
908 2330 952 2391 eis
966 2330 1103 2411 percipis,
1126 2337 1157 2392 ct
1171 2332 1328 2411 praecipue

131 2436 252 2481 marum
281 2422 400 2480 tuorum
429 2414 575 2481 modestia
604 2415 778 2497 singularis,
809 2416 977 2480 reuerentia
1006 2417 1130 2498 insignis
1159 2419 1329 2480 necessario

136 2520 196 2567 nos
218 2503 367 2585 compulit,
389 2508 421 2565 ut
443 2501 562 2565 tandem
584 2520 685 2584 parem
709 2503 759 2565 libi
781 2505 903 2585 gratiam
923 2504 952 2565 in
970 2511 1107 2583 quuanlum
1129 2510 1238 2585 potest,
1261 2503 1330 2567 dum

136 2593 261 2674 ignoras
283 2589 458 2653 referamus.
482 2588 554 2651 Nam
576 2595 700 2652 statuam
723 2590 774 2652 libi
796 2589 966 2672 pedestrem
982 2590 1140 2653 danastro
1163 2586 1329 2671 ponendam

137 2680 196 2740 iam
218 2677 332 2758 pridem
354 2675 542 2739 decrevimus
550 2696 559 2751 ;
589 2676 643 2739 sed
672 2676 782 2739 idcirco
811 2676 964 2740 decretum
993 2676 1029 2741 ad
1052 2684 1082 2739 lo
1104 2694 1164 2739 non
1187 2678 1328 2755 misimus,

137 2780 179 2827 no
201 2782 281 2827 nuno
303 2781 443 2846 quoqne,
473 2764 550 2824 siout
579 2771 665 2826 antea
697 2780 764 2826 cnm
794 2764 912 2845 publiea
941 2763 993 2825 tibi
1016 2770 1111 2827 statua
1140 2763 1261 2826 decreta
1283 2771 1329 2826 est

136 2852 247 2929 iecisti,
270 2852 384 2914 honoro
407 2849 605 2914 tantummodo
629 2857 658 2911 tc
681 2857 850 2913 contentum
873 2867 942 2913 esse
963 2850 1148 2913 rescriberes
1155 2870 1164 2926 ;
1187 2864 1331 2931 quaeres

139 2947 218 3003 tuam
242 2937 358 3018 quidem
380 2936 553 3000 modestiam
577 2937 759 3015 inlustraret,
782 2938 866 2999 nobis
889 2953 963 2999 uero
985 2934 1069 2999 uelut
1091 2938 1248 3018 segnitiam
1271 2953 1329 2999 cu-

138 3026 306 3109 probnatet.
351 3025 442 3107 igitar
463 3027 558 3087 statua
581 3022 712 3099 decreta,
735 3024 845 3103 nequid
867 3042 980 3105 negare
1002 3023 1110 3104 possis,
1132 3025 1189 3085 iam
1205 3042 1329 3105 compa-

137 3120 205 3176 rata
228 3110 389 3175 advehitur.
435 3110 524 3183 Quod
547 3115 694 3192 superest,
718 3111 858 3173 voluntati
880 3117 1000 3173 nostrae
1016 3109 1139 3172 consula
1161 3118 1192 3172 et
1213 3112 1329 3191 qualem

138 3200 361 3280 inscriptionem
392 3198 516 3261 dandam
545 3204 631 3277 putas
662 3197 827 3277 petentibus
856 3195 946 3259 facito
973 3203 1084 3259 nolum.
1134 3197 1275 3278 Optamus
1298 3204 1328 3260 te

138 3288 219 3349 berte
237 3286 346 3348 valere.
363 3319 404 3329 —-
422 3289 495 3345 Foro
509 3287 660 3359 Sempronii
677 3279 911 3367 [Possombrone)
928 3287 1001 3343 6161.
1017 3304 1043 3360 p.
1060 3286 1131 3344 417.
1147 3286 1219 3345 Orel.
1235 3285 1327 3345 4039.

139 3378 256 3434 'situlam
279 3376 349 3433 basis
372 3382 476 3432 statuae
499 3375 669 3443 honorarius,
692 3374 717 3430 in
741 3374 814 3431 ouius
837 3374 921 3431 latera
941 3372 1049 3433 sinistro
1068 3372 1136 3431 baec
1152 3372 1329 3433 Decurionum

138 3463 255 3539 epistola
277 3462 406 3537 insculpta
428 3460 536 3533 legitur,
558 3460 621 3516 uide
642 3478 722 3534 snpra
743 3479 768 3518 n.
794 3459 884 3518 1666.

249 3584 340 3642 1746.
385 3581 417 3642 ln
440 3580 582 3645 honorem
605 3580 764 3641 carantaniae
795 3579 899 3643 (lomus
926 3578 1071 3644 Domitiae
1099 3578 1255 3663 Augustae
1278 3579 1329 3643 Cn.

139 3668 250 3735 Domiti
270 3668 444 3732 Corbulonis
466 3668 504 3730 lil.
528 3668 646 3729 Dnmitii
661 3665 841 3747 Polycarpus
856 3674 887 3729 et
902 3667 1022 3749 Europa
1044 3667 1101 3732 loo,
1125 3667 1183 3730 dat.
1206 3664 1328 3729 decreto

140 3756 254 3822 ordinis
284 3755 394 3818 Decus.
426 3754 532 3845 aedapu
561 3754 698 3816 lacerant
724 3760 755 3815 et
782 3762 1005 3817 exornaverant
1029 3756 1138 3818 status
1159 3761 1190 3816 at
1210 3752 1331 3834 reliquis

139 3844 233 3908 rebus
255 3842 380 3924 pecunia
401 3860 474 3918 sua,
505 3822 697 3919 eiusdemque
725 3840 881 3902 tutelam
874 3859 903 3902 m
933 3847 1106 3922 perpetuum
1127 3841 1172 3904 rei
1194 3839 1330 3922 publicae

141 3929 288 3993 dedorunt
309 3929 364 3993 sub
387 3887 578 4008 inscriptione
601 3926 814 4007 infrascripta.

249 4014 336 4097 ,imp
360 4014 444 4078 Gaas.
468 4014 501 4076 Τ.
524 4013 608 4076 Aelio
630 4011 777 4075 Hadriano
799 4010 950 4075 Antonino
973 4013 1049 4097 Aug.
1070 4013 1121 4078 Pio
1144 4008 1189 4077 lll.
1207 4012 1247 4076 bl.
1263 4011 1329 4077 Ae-

140 4104 182 4168 lio
205 4101 326 4167 Aurelio
349 4102 434 4165 Caes.
457 4099 526 4164 Cos.
539 4096 569 4181 ³)
592 4097 834 4162 vualtarius
865 4098 963 4162 Gabiis
985 4101 1015 4162 in
1038 4101 1195 4181 municipio
1217 4101 1248 4163 in
1270 4119 1329 4163 cu·
1453 4133 1458 4142 -

140 4192 186 4255 ria
207 4188 292 4253 Aelia
320 4193 466 4270 Augusta.
519 4185 682 4253 scribendo
714 4183 799 4249 alluit
828 4186 986 4249 universus
1016 4187 1092 4251 ordo
1121 4186 1331 4250 Decurionum.

245 4275 452 4340 Referentibus
481 4273 516 4337 L.
547 4273 687 4355 Vipstano
709 4272 743 4336 L.
766 4272 798 4337 F.
830 4268 913 4355 Cl.⁴)
944 4272 1093 4337 Publicola
1121 4272 1267 4355 Messala,
1295 4273 1329 4335 L.

141 4516 588 4646 1116611ι1111111ιι1ιιο111ι
557 4514 815 4584 ²Jn⁰⁸⁸¹³m³
835 4513 1075 4585 3110101111·
1095 4511 1333 4582 110···4)ῑῑῑοιι
