3106 5122
200 446 267 515 m
532 444 611 502 Inucr.
628 445 760 516 protem
792 443 857 517 Cep.
877 444 909 501 ii.
943 445 1062 501 munire.

200 604 291 669 futuri
312 605 423 685 otiosos
443 611 545 688 putee
566 620 666 671 eurem
687 606 871 686 nmnwriet,
894 603 963 669 dum
984 620 1046 669 eon
1068 603 1278 690 nepetietiorie
1296 621 1390 669 mee

200 690 233 757 id
252 691 362 757 tentum
383 693 563 757 censuerint.

301 779 335 844 In
356 787 462 844 eenetv
482 777 601 843 iverunt
620 777 704 843 000.
726 776 881 842 LXXXOE.

776 884 800 948 il

305 984 428 1050 venno
451 988 482 1049 P.
506 986 643 1051 Cornelio
666 987 736 1065 Cos,
757 987 796 1049 Vi
817 988 893 1052 Non.
916 987 1002 1053 Mart.
1024 986 1054 1052 S.
1078 984 1109 1049 0.

306 1070 451 1151 Quodque
472 1070 610 1137 Volusius
633 1074 662 1136 P.
686 1073 841 1151 Gorneiiss
863 1076 954 1139 neruo
976 1073 1114 1139 fecerunt
1136 1074 1174 1136 de
1195 1074 1390 1155 postulatione

199 1160 438 1224 necessariorum
467 1158 799 1224 Adiutoriue.ceisiiiue
821 1178 848 1240 q.
872 1162 899 1224 d.
923 1178 998 1224 er.
1029 1159 1050 1223 i.
1072 1174 1101 1243 p.
1125 1158 1154 1223 d.
1176 1176 1204 1222 e.
1228 1178 1252 1223 r.
1276 1161 1295 1223 i.
1319 1179 1346 1223 e
1360 1158 1389 1244 ¹)

305 1244 377 1309 cvm
400 1264 423 1308 s.
447 1264 474 1308 o.
497 1244 575 1324 qvod
596 1246 706 1309 iuctnm
729 1253 775 1309 est
798 1246 920 1311 Hosidio
936 1247 1009 1311 Getu
1030 1246 1062 1309 L.
1086 1246 1217 1330 Vugeiiio
1234 1246 1302 1310 Cos.
1325 1247 1390 1311 eiu-

200 1330 324 1398 rissimis
352 1332 424 1395 vinis
454 1339 522 1395 unte
544 1352 574 1394 x.
597 1332 626 1395 ir.
654 1340 712 1397 oct.
742 1340 862 1396 uectore
892 1333 918 1395 d.
949 1332 1067 1398 Claudio
1097 1340 1211 1396 centurn
1240 1339 1321 1396 esset
1350 1350 1390 1395 ne

201 1421 268 1499 qvis
289 1418 407 1482 domum
428 1418 563 1481 villamve
585 1419 717 1482 dirueret
737 1419 816 1497 quod
838 1420 893 1482 sibi
915 1418 1092 1498 adquireret,
1113 1436 1189 1481 neve
1209 1419 1275 1497 quis
1289 1437 1390 1502 nego-

200 1504 291 1570 tiandi
313 1524 402 1569 ouvsn
423 1524 525 1570 eornm
547 1505 615 1583 qvid
637 1513 750 1568 emeret
770 1507 969 1580 venderetve,
999 1523 1151 1587 poenaeve
1174 1508 1204 1568 in
1227 1514 1390 1587 emptorem

201 1594 250 1672 qvi
272 1591 415 1656 edverevs
436 1591 466 1654 id
486 1610 511 1655 s.
535 1610 560 1655 c.
584 1591 704 1655 fecisset
726 1594 884 1655 constitute
906 1599 988 1655 esset
1008 1594 1048 1655 itu
1071 1588 1169 1676 vel.²]
1193 1594 1218 1654 is
1233 1595 1284 1670 qui
1302 1594 1389 1671 qvie-

201 1679 269 1758 qvid
292 1682 414 1743 emisset
436 1676 553 1760 dvpivm
576 1680 639 1741 eivs
662 1680 758 1756 ovanti
788 1679 908 1741 emisset
929 1681 959 1741 in
987 1680 1132 1741 aerarium
1159 1678 1262 1741 inferri
1291 1697 1389 1762 coge-

200 1773 283 1833 retvr
305 1773 337 1828 et
358 1766 529 1844 einnonem
558 1764 738 1828 vendidisset
759 1767 839 1828 irrito
867 1764 954 1831 tieret
983 1765 1130 1843 venditio,
1161 1764 1199 1827 de
1227 1766 1263 1828 iis
1292 1774 1390 1828 eutem

200 1853 251 1935 qvi
272 1870 371 1916 rernm
391 1869 511 1917 suerum
533 1870 727 1932 possessores
749 1851 840 1916 tumn
862 1851 972 1933 Ques
993 1860 1093 1933 portes
1109 1870 1211 1915 eurum
1227 1858 1390 1917 mvmoent

201 1938 359 2007 dummodo
381 1956 441 2002 non
463 1939 668 2020 negotiationis
692 1957 779 2003 oense
809 1946 970 2005 mutassent
999 1938 1069 2002 nihii
1096 1945 1177 2001 esset
1199 1945 1337 2002 novatum
1359 1945 1391 2003 et

200 2026 364 2090 memmii
374 2024 544 2089 Aiiietorine
561 2024 696 2087 Geieiiiue
712 2025 814 2089 uxoris
830 2024 912 2087 Attii.
926 2025 1051 2106 Luperci
1067 2026 1245 2089 ornatissimi
1259 2026 1315 2088 vini
1329 2043 1390 2087 ex·

200 2111 372 2195 posuissent
390 2111 457 2173 hvic
472 2110 578 2189 ordini,
598 2118 710 2192 putrem
727 2112 792 2175 eius
814 2110 995 2175 Aiiiutnrivm
1018 2112 1134 2175 Ceisnrn
1156 2113 1265 2176 emisse
1282 2111 1391 2175 ivndoe

201 2215 268 2263 cvm
290 2197 430 2261 nedifioiis
450 2198 481 2260 in
504 2198 629 2279 regione
652 2198 807 2261 mutinensi
819 2194 850 2280 8)
872 2200 923 2278 qvi
945 2206 1120 2262 nocerentur
1140 2200 1235 2278 compi
1257 2199 1349 2261 menri
1360 2199 1391 2263 in

201 2283 307 2366 qvibvs
336 2283 410 2347 iocis
441 2290 589 2347 moruntvs
620 2277 753 2366 [heberi]
784 2285 987 2365 svpenioribvs
1017 2285 1119 2351 solitus
1151 2292 1235 2347 esset
1268 2292 1389 2366 tenpo-

201 2369 285 2435 rihvs
306 2370 363 2434 tun
385 2386 440 2450 per
462 2368 578 2451 niipnod
600 2369 746 2433 dessisset
766 2370 870 2433 heberi
879 2368 929 2454 4),
952 2389 1046 2453 neqve
1068 2370 1198 2435 uediirein
1220 2371 1310 2454 longo
1331 2390 1391 2433 ve·

202 2462 315 2521 tvutete
338 2452 555 2533 dilaberentur,
584 2470 682 2535 neqve
709 2455 822 2519 reiecta
844 2459 910 2521 veri
939 2464 1042 2521 essent
1068 2457 1165 2520 ivtvre
1195 2459 1391 2540 unioneque

201 2540 458 2609 pauimentum
481 2543 545 2624 qvis
585 2560 631 2607 uru
654 2560 710 2607 neo
732 2541 822 2606 veliet
843 2545 873 2606 in
895 2543 1014 2609 deserte
1037 2546 1170 2607 orrentia
1181 2540 1213 2627 ὖ)
1240 2546 1392 2627 commig-

201 2648 285 2711 rare,
306 2629 427 2709 nequid
446 2628 539 2693 irnvd.
603 2628 711 2692 nvitun
733 2647 876 2711 poenaeq.
899 2638 981 2695 esset
1003 2630 1137 2694 Oderiim
1160 2632 1185 2697 si
1207 2650 1243 2693 en
1259 2630 1392 2695 seditem

203 2716 241 2780 de
263 2718 367 2798 qvibvs
396 2718 425 2779 in
455 2715 511 2779 hoe
540 2716 645 2780 ordine
667 2723 761 2779 uotum
791 2724 873 2781 esset
894 2723 943 2780 uvt
972 2716 1110 2781 demolito
1132 2716 1255 2782 ivissent
1284 2724 1332 2782 eut
1355 2736 1392 2781 eu

202 2802 372 2868 conditione
393 2804 458 2867 sive
479 2821 534 2884 per·
556 2821 589 2865 se
619 2803 683 2866 sive
706 2822 772 2866 cvrn
794 2805 876 2884 egris
898 2801 1078 2868 vendidisset
1100 2813 1149 2867 nvt
1179 2805 1304 2886 emptori
1325 2805 1392 2868 sine

201 2889 305 2956 frende
327 2908 380 2955 sve
402 2908 438 2953 ee
459 2888 616 2954 destruere
639 2890 801 2971 toliereuve
823 2890 934 2954 tineret.

306 2977 338 3041 in
359 2976 485 3040 ivtvrvm
513 2983 609 3039 uvtem
631 2974 834 3041 admonendos
863 2983 999 3042 coeteros
1021 2973 1132 3062 esse⁷J
1156 2985 1185 3041 vt
1208 2977 1392 3042 abstinerent

201 3080 237 3131 se
261 3083 278 3128 u
299 3069 357 3127 tem
380 3060 470 3126 foedo
492 3078 607 3143 genere
623 3065 814 3147 negotiotion.
837 3063 893 3127 hoc
918 3064 1074 3145 prueoipve
1090 3064 1208 3128 snecvio
1228 3083 1287 3146 qvo
1300 3066 1391 3128 exci-

202 3150 275 3231 tari,
304 3151 425 3228 novari,
460 3151 560 3212 orneri
581 3143 651 3231 in⁸)
683 3151 820 3212 vniversa
852 3148 955 3230 qvibvs
984 3150 1107 3214 relictus
1136 3152 1216 3214 ortis
1246 3157 1391 3225 terrerum

202 3236 374 3320 splenderet
393 3236 487 3316 magis
511 3237 684 3313 convenire,
706 3256 790 3318 qvem
812 3231 1255 3320 rvinisaediueiorvmntian1⁹)
1277 3244 1392 3319 penem

203 3321 366 3386 deformem
392 3320 490 3385 ltuiioe
520 3316 680 3406 [conspici]
713 3330 743 3384 et
773 3321 866 3387 udhvo
895 3324 1025 3386 retinere
1061 3325 1191 3405 priorem
1226 3331 1392 3406 temporum

203 3408 243 3476 itu
265 3415 296 3473 vt
319 3407 467 3472 diceretur
488 3415 643 3470 senectute
666 3414 761 3471 actvm
772 3454 849 3475 .....
862 3403 906 3493 ¹⁰)
929 3428 1074 3473 censuere
1096 3412 1125 3474 in
1147 3417 1261 3475 senotv.

261 3614 377 3672 Oratio
400 3615 621 3685 Imperatoris
645 3613 777 3671 Claudii
801 3619 832 3671 in
856 3626 973 3672 renutu
997 3617 1110 3672 debito
1135 3618 1174 3671 de
1198 3620 1339 3674 ciuitate

676 3685 785 3741 Geiiie
802 3687 921 3741 dundu.

309 3845 400 3905 1693.
444 3847 473 3904 iu
496 3847 596 3904 dnobus
618 3847 714 3905 tubulis
745 3847 835 3907 aeneis
856 3848 977 3921 Lugduni
1000 3848 1082 3906 erutis
1105 3865 1174 3908 enno
1199 3848 1300 3923 1528,
1321 3868 1391 3924 quee

203 3932 339 4009 hodieque
360 3932 458 3994 ibidem
479 3934 505 3992 in
527 3952 619 4025 museo
642 3942 820 3993 ueuorvuntor.
842 3935 941 3994 Primus
964 3935 1048 3995 edidit
1069 3936 1212 3997 Peredinue
1231 3929 1391 4017 (demones

211 4086 428 4099 ...-.---......

308 4173 337 4244 1)
354 4174 420 4241 ono
436 4176 471 4230 de
487 4192 519 4230 eu
536 4191 565 4229 re
582 4176 636 4230 deri
654 4176 776 4245 placeret,
794 4175 827 4228 de
844 4191 876 4230 en
893 4190 922 4231 re
939 4177 973 4229 ite
993 4184 1154 4230 censuerunt.
1172 4200 1204 4212 -
1223 4172 1252 4243 2)
1271 4175 1391 4230 nemum

202 4246 306 4311 βιώσεις
323 4262 370 4316 pro
387 4247 428 4300 eet
444 4247 604 4300 scribendum
622 4255 687 4310 eret,
705 4255 733 4301 nt
750 4245 864 4310 videtur,
882 4248 925 4298 uti.
945 4272 976 4282 -
996 4247 1025 4311 3)
1038 4246 1067 4299 iu
1081 4246 1164 4300 tuhuiu
1177 4247 1311 4300 mendose:
1330 4247 1391 4298 Mu·

203 4316 307 4369 Metui
323 4325 363 4370 et:
380 4318 464 4385 ceeepe‘
479 4317 561 4368 mute-i.
579 4315 728 4369 Emenduuit
745 4315 845 4368 Reinee.
871 4344 901 4353 —
927 4313 957 4381 4)
975 4315 1073 4368 tabule:
1090 4316 1184 4369 deine
1208 4342 1243 4352 -
1265 4314 1294 4382 5)
1317 4332 1392 4369 rnen-

204 4383 1013 4455 demnvnnmpmzeueruwmmda.-o)fmuou
1033 4410 1063 4423 -
1083 4383 1391 4451 Mneuidmet-

202 4452 236 4523 8)
251 4455 376 4509 eiioiee'tie
393 4456 548 4523 praepositio
564 4455 672 4508 videtur.
688 4454 788 4507 nem
811 4478 843 4489 ·-
868 4452 897 4519 o)
913 4454 1024 4523 alipene
1047 4455 1147 4509 Roinee.
1169 4455 1297 4509 emendet
1315 4471 1392 4524 quere

202 4527 231 4580 in
247 4527 361 4595 proxim
377 4526 493 4592 sequenti
509 4523 599 4577 henne
616 4523 757 4593 supplenda
768 4525 848 4578 noeti
858 4541 951 4578 renue.
968 4550 1002 4563 -
1020 4524 1067 4591 10)
1080 4523 1211 4579 Reineeire
1222 4524 1392 4594 eeppiendurn

205 4596 319 4652 oouiieit:
337 4594 489 4649 memoriam.
