3106 5122
433 520 436 525 Ι
499 455 523 519 §-
542 456 566 507 9.
601 453 665 508 Actu
682 453 783 526 publica
797 405 1000 524 municipiorum.
1210 414 1215 421 ι
1277 450 1342 522 379

153 613 290 696 morbae
312 628 433 694 qunque
452 614 589 695 peratore
610 620 731 678 nostrae
746 615 785 677 ab
799 614 908 695 optimo
923 615 1111 695 maximoque
1127 613 1260 697 principe
1274 610 1343 677 An-

154 702 258 765 tonino
281 700 360 783 Aug.
383 702 434 764 Pio
458 701 582 781 vectigal
605 704 673 765 riae
695 702 769 765 silici
789 708 898 764 stratae
919 703 959 764 ita
981 703 1140 779 institisse,
1169 708 1201 763 nt
1231 708 1345 764 mature

153 790 366 868 impetraretur
388 794 417 849 et
439 788 584 870 impendis
606 790 717 851 urbicis
739 808 819 870 resp.
843 788 987 851 beneficio
1011 791 1075 852 cius
1096 789 1294 867 relevaretur,
1317 796 1348 850 et
1409 854 1412 859 ,

154 878 284 956 optimus
307 874 377 956 lmp.
400 894 428 937 u.
453 877 688 939 ercoruieulario
708 876 804 938 Praei.
827 872 957 957 vigulurn
978 878 1072 957 primo
1089 878 1118 937 ei
1141 877 1269 943 omnium
1292 892 1348 938 or-

154 962 257 1023 dinem
282 961 477 1029 Alexandriae
500 962 630 1042 dederit,
653 962 764 1025 debere
787 980 842 1025 nos
865 965 962 1041 itaque
984 965 1012 1024 ei
1034 969 1157 1027 statuam
1179 961 1349 1045 pedestrem

152 1066 244 1111 secus
267 1050 372 1111 merita
396 1051 458 1111 eius
482 1048 662 1112 decernere:
686 1049 720 1122 Q.
744 1050 775 1111 P.
797 1048 827 1112 P.
851 1049 886 1111 D.
908 1048 942 1112 E.
965 1049 999 1112 lt.

258 1151 418 1215 lielercute
440 1153 472 1215 L.
505 1154 591 1216 llario
620 1154 717 1217 Firmo
747 1153 794 1217 illl
818 1155 870 1215 uir.
894 1160 1036 1217 censente
1059 1152 1090 1216 C.
1113 1152 1216 1217 Cluuio
1237 1152 1347 1219 Sabino

152 1243 299 1389 ἰ1134059ηε.
322 1273 381 1387 [3-2
394 1245 514 1302 Fabriani
537 1246 562 1302 iu
585 1246 686 1319 oppido
708 1261 796 1319 prope
818 1244 952 1317 antiquum
971 1245 1095 1301 ludeum.
1125 1244 1217 1302 Bullot.
1235 1246 1342 1305 arouse.

176 1334 194 1388 S
241 1349 296 1406 .p.
385 1374 391 1388 .

262 1452 352 1509 1755.
402 1448 522 1511 Centum
553 1450 608 1511 viri
638 1449 784 1532 municipii
797 1448 825 1533 ¹]
855 1449 983 1531 Augusti
1012 1448 1144 1510 Veientis
1175 1447 1286 1511 lidmae
1315 1450 1345 1510 in

152 1535 258 1600 audem
282 1537 405 1598 Veneris
436 1536 599 1600 Genetricis
629 1556 696 1599 curm
724 1537 951 1616 conuenissent,
980 1536 1086 1618 placuit
1108 1536 1254 1598 uniuersis
1277 1534 1343 1597 ‹lum

153 1625 308 1685 decretum
330 1625 704 1686 conscribereturintertm
727 1643 765 1685 cx
788 1625 991 1686 auctoritatate
1014 1623 1142 1685 omnium
1164 1622 1291 1703 permitti
1313 1622 1345 1684 C.
1379 1650 1383 1661 r

152 1712 225 1774 lt'rlio
248 1710 306 1772 diri
329 1710 454 1791 Augusti
477 1711 508 1771 la.
540 1709 653 1789 Geldli,
683 1713 731 1791 qui
753 1712 982 1790 omnitempore
1007 1710 1142 1791 uuluicip.
1174 1708 1263 1770 Veids
1285 1722 1345 1771 non

152 1799 250 1861 stilum
273 1799 397 1860 consilio
421 1794 450 1858 el
478 1798 571 1879 grellia
599 1796 741 1860 adiuverit
772 1797 826 1858 scd
858 1799 943 1859 ctiam
974 1797 1113 1876 impensis
1142 1796 1204 1858 suis
1234 1800 1264 1855 et
1312 1813 1345 1856 cr

154 1888 242 1947 illium
267 1902 351 1946 strum
371 1884 516 1946 celebrati
538 1885 667 1947 uoluerit
684 1885 827 1946 haurirem
842 1886 870 1946 ei
884 1884 1072 1945 iustissimum
1093 1880 1213 1944 decerni
1231 1814 1310 1943 tuttij

152 1972 311 2054 gustabam
342 1974 466 2033 numero
497 1972 638 2034 lrabealtur
667 1990 761 2051 acque
783 1990 818 2033 ao
840 1973 865 2035 si
887 1989 925 2032 co
948 1970 1061 2031 bondre
1083 1986 1156 2031 usus
1179 1969 1217 2030 sit
1238 1968 1345 2030 licent-

152 2078 212 2140 que
243 2061 269 2119 ci
300 2058 434 2119 omnibus
465 2060 640 2141 spectaculis
670 2061 826 2140 municipio
858 2064 960 2121 nostro
990 2054 1103 2118 biscllio
1126 2054 1245 2138 proprio
1268 2056 1345 2121 inter

152 2145 335 2227 Augustulus
366 2145 523 2207 considere
554 2147 694 2227 cdoisque
725 2145 858 2208 erunibus
887 2142 1012 2227 publicis
1040 2144 1116 2205 inter
1143 2142 1344 2205 centuriauit-ris

154 2234 321 2307 interessc;
345 2233 473 2312 itemque
494 2232 630 2315 placere,
659 2234 699 2295 ud
729 2230 810 2314 quod
833 2231 869 2295 ab
891 2233 928 2293 cd
950 2231 1110 2312 liberisque
1132 2231 1197 2292 eius
1221 2228 1346 2313 vectigal

152 2321 303 2402 municipii
326 2320 450 2401 Augusti
472 2321 603 2383 Veientis
627 2323 805 2404 exigeretur.

259 2423 440 2491 Adiuu'nunt:
465 2424 496 2487 C.
518 2424 658 2489 Scaeuius
681 2426 834 2502 Curatius,
865 2423 917 2487 Cn.
941 2424 1081 2487 Octauius
1102 2422 1226 2487 Sabinus
1246 2420 1269 2486 ll
1292 2423 1344 2484 vir.

152 2508 359 2591 erepere
381 2511 515 2587 Priscus,
580 2562 583 2571 .
740 2514 773 2575 Τ.
795 2512 987 2593 Sempronius
1011 2510 1159 2575 Gracchus
1168 2507 1199 2593 ²]

152 2600 193 2663 ll.
217 2598 333 2660 Flauius
355 2597 458 2660 Rufus.
483 2595 557 2678 Ost)
741 2602 772 2662 P.
797 2600 928 2663 Asuvius
949 2599 980 2660 P.
1003 2598 1035 2660 P.
1058 2594 1170 2680 l'ro.⁴)

154 2687 187 2747 G.
211 2685 326 2747 Pettius
346 2684 449 2747 Aulus.
474 2683 550 2767 ll.)
743 2685 774 2747 C.
798 2687 936 2749 Veianius
959 2684 1114 2747 llaxmrus.

153 2772 195 2835 bl.
220 2772 386 2850 Tarquitius
409 2772 556 2835 Saturnio.
745 2774 778 2835 t.
802 2773 969 2853 Tarquitius
991 2770 1094 2834 liuius.

153 2859 189 2921 t..
213 2857 365 2921 blaecilius
386 2859 524 2938 Serupus.
749 2858 779 2920 C.
803 2860 890 2921 lulius
913 2857 1034 2921 bloruls.

154 2945 187 3007 L.
212 2945 358 3009 Paruulus
381 2946 527 3010 Lucanus.

153 3033 265 3097 Actum
288 3032 437 3095 Gaetulico
455 3041 486 3095 et
504 3032 630 3096 Caluisio
650 3030 717 3096 Cos.
731 3030 760 3115 ³)
784 3066 824 3074 -
847 3036 920 3095 luter
939 3036 1067 3095 Veiorum
1088 3034 1186 3093 rudera
1208 3040 1344 3109 repertun

154 3125 182 3181 io
206 3122 299 3179 ubulu
320 3140 467 3180 mururorou
489 3132 554 3181 ets
584 3126 711 3181 Pnbretto
741 3124 861 3196 inscript.
883 3142 909 3197 p.
934 3122 994 3179 170
1016 3123 1128 3197 primum
1149 3121 1260 3194 edituro,
1281 3123 1347 3181 ol·

153 3212 182 3267 iu
205 3227 298 3269 museo
321 3211 457 3284 Ciampiuo
480 3227 548 3269 nunu
571 3212 596 3267 in
619 3211 752 3284 Capitolio
775 3218 945 3269 asservatum.
989 3211 1051 3265 Post
1073 3210 1226 3267 Pubrettum
1247 3209 1344 3267 edisio·

153 3305 267 3363 suntet
289 3297 467 3354 illustrarunt:
494 3298 614 3355 blunocbi
642 3299 723 3354 labb.
754 3298 857 3355 lleraol
889 3299 922 3353 ll.
951 3315 978 3371 p.
1000 3297 1071 3354 deo.
1092 3296 1212 3355 lloreelii
1234 3298 1274 3353 lio
1295 3296 1344 3353 elil.

154 3403 182 3441 u.
204 3384 349 3440 cccviiii.
384 3386 504 3441 llaubold
528 3388 641 3441 bionum.
664 3387 719 3455 leg.
740 3403 767 3457 p.
792 3385 861 3441 188.
882 3386 971 3451 Orelli
990 3385 1071 3443 lusor.
1091 3384 1186 3443 eodo.
1208 3384 1345 3454 (iustiliae

154 3472 291 3529 Fuuizebu
314 3473 388 3529 lidae
411 3473 527 3529 Urlsuud.
550 3491 612 3544 pap.
648 3472 696 3529 73.
727 3474 911 3545 Compluribus
944 3473 969 3529 iu
1000 3473 1087 3529 tabida
1110 3472 1199 3531 verbis
1221 3479 1346 3529 seusatus

154 3558 330 3633 superscripti
351 3565 427 3630 sunt,
450 3576 562 3631 quorum
584 3558 653 3616 ratio
675 3576 729 3616 nou
751 3560 814 3616 sutis
837 3568 914 3617 cartu
936 3566 996 3631 est,
1024 3558 1188 3631 Goottliupio
1210 3576 1270 3617 mm
1293 3558 1345 3615 sits

155 3646 259 3702 babere
289 3647 411 3717 videtur,
442 3654 471 3703 ut
508 3647 623 3717 spllnbos
651 3647 746 3718 leugas
777 3646 917 3705 iudicando
946 3647 1189 3721 prouuutlotionem
1212 3647 1345 3703 nuaram

155 3733 246 3791 Vertit
270 3739 296 3790 et
319 3732 445 3807 explicuit
467 3734 561 3807 Epger
583 3734 702 3791 Examen
724 3733 772 3789 das
794 3734 939 3793 historiens
960 3732 1117 3806 d'Aupuste.
1139 3732 1210 3808 App.
1232 3734 1265 3792 ll.
1288 3733 1345 3789 Aa·

159 3906 303 3916 ...η-ξ...
313 3906 321 3911 .
328 3906 370 3911 ...ᾗ

262 3990 290 4057 i)
308 3993 379 4045 litora
398 3993 476 4045 ultera
494 3995 504 4045 l
522 3994 691 4061 praecedente
709 3993 838 4060 nliqpauto
854 3992 929 4045 altior
941 3993 967 4044 in
979 3991 1072 4056 tabula,
1091 3999 1119 4043 ut
1130 3991 1252 4060 reliquam
1264 3992 1346 4057 scrip·

155 4071 238 4115 turam
256 4065 434 4131 superunineat,
452 4062 518 4132 quod
555 4064 684 4132 lorumque
703 4065 800 4114 nonnisi
824 4065 849 4115 in
867 4078 915 4113 uua
934 4062 1005 4113 litera
1024 4062 1035 4113 l
1052 4078 1098 4130 pro
1118 4061 1220 4127 duplice
1239 4060 1249 4111 l
1266 4064 1346 4128 posita

155 4134 212 4184 lieri
230 4132 304 4183 solet.
332 4160 363 4168 —
388 4132 416 4196 2)
435 4132 462 4184 lu
481 4132 522 4184 tab
551 4148 580 4196 a,
605 4133 743 4195 (ilittlinqio
761 4141 840 4197 teste,
867 4140 905 4182 est
924 4130 1064 4194 Graccum,
1090 4147 1173 4199 neque
1192 4139 1219 4181 ut
1236 4130 1346 4181 editores

155 4205 274 4269 quicum
301 4211 494 4269 praecesseraut
517 4202 651 4266 exhibent,
687 4202 804 4253 Graccus.
826 4200 963 4252 Praeterea
986 4201 1054 4265 apud
1079 4200 1195 4251 llurdolrl.
1223 4200 1345 4250 mendose

158 4272 186 4323 L.
212 4273 371 4338 θαψοιὸω
393 4288 442 4337 pro
467 4271 495 4321 Τ.
512 4272 607 4338 Sempe.
626 4283 652 4324 et
674 4288 741 4323 mox.
766 4272 795 4323 1.
812 4270 945 4322 Maecilium
967 4270 1068 4321 &neu
1092 4284 1142 4337 pro
1162 4269 1192 4320 l..
1215 4268 1346 4323 tramea:

154 4344 276 4407 Seremus.
295 4366 327 4375 —-
346 4338 376 4407 3)
395 4342 526 4404 Quaestor.
544 4341 645 4393 Marcel.
664 4341 743 4392 Etiam
762 4339 870 4392 Goeutlin
892 4343 928 4390 ius
947 4342 979 4390 ita
996 4339 1119 4406 explicari
1138 4339 1242 4402 mavult,
1258 4352 1345 4405 quum:

156 4410 260 4473 Quirina
278 4410 351 4461 tribu.
371 4437 403 4445 -
423 4408 453 4473 »ll
470 4409 629 4461 Tromentina
648 4411 721 4461 tribu.
750 4408 852 4461 Alorcel.
870 4355 920 4460 geri
940 4407 1105 4475 Goelllingius
1122 4409 1243 4475 explicat:
1267 4407 1345 4458 Tros·

157 4481 240 4537 sulus;
265 4481 331 4548 quod
349 4496 442 4532 nomen
461 4482 589 4546 antiquum
610 4482 721 4547 equitum
739 4492 899 4530 rotnanorum
923 4480 1012 4529 seriori
1035 4494 1101 4529 aero
1126 4480 1209 4529 denuo
1228 4491 1346 4527 nonnaru-

157 4566 232 4617 quam
252 4554 276 4601 in
294 4566 366 4600 usum
385 4558 530 4601 revocatum
549 4565 605 4600 esse
624 4550 767 4617 blnrquardt
784 4548 874 4600 llistor.
893 4549 968 4618 equit.
987 4562 1111 4599 romanor.
1129 4564 1154 4614 p.
1167 4545 1346 4612 ddotZump·

158 4624 206 4672 tius
225 4618 321 4684 (Ueber
338 4620 382 4671 die
396 4626 460 4673 rom.
478 4619 559 4672 liltter
576 4635 602 4687 p.
620 4618 667 4684 40)
684 4619 865 4671 monebunt.
884 4642 915 4656 -·
936 4614 966 4682 5)
984 4617 1043 4670 Post
1059 4614 1119 4669 Cbr.
1137 4616 1179 4670 26.
