3080 5112
474 451 598 553 -ιι
633 376 915 522 hredm-
1248 450 1316 518 ιιι

128 610 240 673 dnoere
261 608 377 684 iioebit3
405 609 513 689 quibus
534 608 641 673 diebus
661 609 793 693 rngtms
815 610 960 689 Vestries,
981 626 1038 673 rex
1058 625 1228 690 amonim,
1257 609 1315 675 iis—

128 698 240 774 mines,
270 696 408 777 ptostrois
438 697 468 758 in
489 696 582 773 urbe,
611 714 764 759 soenorum
794 696 979 776 publicorum
1000 715 1028 777 p.
1051 715 1077 760 r.
1097 715 1219 777 οιιιιιι,
1246 698 1316 763 sebi

127 783 293 865 oportebit3
322 800 457 864 quosque
480 781 590 862 piostrr
612 782 751 864 triumphi
772 800 887 861 samso,
909 802 969 864 quo
992 783 1040 846 die
1062 784 1187 866 quisque
1208 785 1317 849 trium-

126 870 245 951 pbnrit,
267 869 351 932 dooei
374 869 522 950 oportebit
528 888 537 943 ;
560 886 697 950 quaeque
720 869 829 951 plostra
852 869 1004 947 indorum,
1035 871 1104 952 quei
1132 871 1244 935 ltonse
1265 880 1315 936 eut

127 956 212 1023 urbei
236 955 347 1019 Rornae
369 955 484 1037 publice
506 954 613 1035 seiont,
635 957 702 1018 inve
725 975 859 1039 pomponi
881 955 977 1020 iudeis
998 958 1208 1039 oiroiensibus,
1230 957 1315 1022 duoei

127 1044 195 1123 ogei
226 1060 302 1124 opus
323 1044 396 1116 erit3
425 1058 525 1123 quove
555 1043 651 1106 minus
682 1061 782 1105 eurum
812 1060 911 1107 rerum
942 1061 1048 1123 muso,
1077 1046 1181 1126 eisque
1210 1045 1316 1110 diebus

127 1129 240 1211 plostru
261 1128 388 1191 interdiu
409 1129 439 1190 in
462 1130 536 1191 urbe
558 1127 702 1193 ducuntur
723 1137 856 1212 aguntur,
877 1148 904 1191 e.
928 1129 956 1192 b.
979 1130 997 1192 Ι.
1021 1149 1049 1192 ιι.
1071 1149 1096 1193 r.

233 1214 319 1291 Quae
341 1215 454 1298 plostra
477 1223 567 1279 noctu
589 1217 618 1279 in
641 1217 744 1280 urbem
767 1215 886 1279 induoto
907 1224 1003 1295 erunt,
1025 1219 1181 1299 quominus
1197 1237 1233 1283 ee
1248 1220 1318 1302 plo-

126 1309 188 1366 stru
211 1302 326 1377 inuniri,
356 1308 405 1365 out
426 1303 568 1373 stercoris
590 1301 782 1384 exportandei
804 1321 927 1381 caussa,
956 1309 1024 1384 post
1045 1305 1137 1367 sotem
1167 1314 1264 1370 ortum
1283 1306 1314 1378 b.

129 1388 156 1452 X
178 1389 253 1468 diei,
284 1389 378 1453 bubus
409 1390 601 1453 iumenteisre
630 1390 727 1453 iuncto
757 1391 787 1452 in
809 1408 837 1453 u.
861 1390 894 1453 R.
918 1397 948 1452 et
970 1390 1005 1453 eb
1028 1408 1056 1453 u.
1079 1390 1112 1454 R.
1135 1410 1162 1472 p.
1185 1392 1222 1457 bi.
1246 1406 1316 1459 esso

127 1475 232 1553 boeot,
256 1494 283 1539 e.
307 1475 333 1538 Ιι.
356 1475 374 1537 l.
398 1493 427 1537 n.
451 1494 474 1538 r.

644 1580 737 1663 Gupot
753 1579 797 1644 Ν.

233 1680 315 1758 Quae
345 1683 409 1748 loco
439 1684 554 1765 publico
583 1687 755 1766 porticusvo
784 1685 918 1767 publicae
948 1687 976 1749 in
1000 1707 1028 1751 u.
1051 1688 1084 1751 R.
1107 1707 1136 1771 p.
1159 1708 1205 1752 ve.
1227 1709 1257 1754 u.
1279 1688 1316 1754 R.

129 1790 156 1854 p.
171 1768 246 1853 bist]
264 1777 332 1835 sont
347 1778 446 1850 erunt,
468 1788 595 1851 quorum
611 1771 742 1836 locorum
759 1774 926 1854 quoiusque
947 1776 1079 1854 porticus
1100 1774 1233 1839 reditium
1256 1794 1315 1841 eo-

128 1874 233 1922 rumve
255 1877 343 1940 meg,
366 1859 435 1937 quei
457 1859 531 1920 uieis
553 1857 706 1938 toeeisque
727 1859 879 1940 pubiiceis.
902 1878 930 1922 u.
954 1861 986 1922 n.
1009 1880 1038 1942 p.
1061 1880 1107 1923 ve.
1130 1881 1158 1925 u.
1182 1862 1216 1927 R.
1233 1881 1260 1944 p.
1275 1863 1314 1927 Μ.

127 1944 310 2030 purgendeis
331 1951 487 2024 preerunt,
510 1944 623 2008 leuibus
645 1947 814 2024 procuratio
836 1953 883 2009 est
904 1944 977 2023 erit,
1000 1950 1113 2028 neiquis
1135 1949 1165 2011 in
1187 1950 1241 2012 ieis
1263 1949 1315 2014 lo·-

128 2034 209 2110 oeis,
238 2033 307 2095 inre
330 2033 383 2094 teis
412 2031 574 2111 porticibus
603 2030 673 2111 quid
703 2033 731 2094 in
760 2030 942 2096 nedidoutum
971 2035 1169 2099 inrnoiitonrve
1199 2035 1316 2116 hebeto,

128 2137 206 2181 nove
228 2137 265 2182 ss
286 2118 352 2181 loon
373 2119 559 2200 porticumve
581 2135 667 2199 quum
689 2118 851 2199 possideto,
874 2138 951 2182 nere
969 2138 1072 2189 eorum
1087 2120 1167 2203 qnod
1181 2126 1338 2206 saeptum*

127 2207 300 2270 clausumve
322 2205 446 2283 iubeto,
469 2205 625 2285 quominus
647 2206 691 2268 eis
713 2204 807 2269 tooois
828 2207 1050 2288 porticibusque
1071 2208 1198 2291 popuius
1220 2216 1316 2273 utatur

127 2288 303 2375 menotio,
330 2292 386 2355 nisi
408 2292 515 2373 quibus
542 2292 664 2373 uteique
685 2292 743 2374 tog.
766 2290 804 2373 pi.
827 2311 874 2356 vo.
896 2311 939 2356 su.
961 2312 986 2357 s.
1009 2313 1056 2357 ve.
1080 2314 1107 2356 o.
1130 2313 1316 2376 eoncessum,

128 2381 343 2461 peruissumve
370 2386 424 2441 est.
459 2378 572 2452 Quibus
600 2379 694 2441 loceis
722 2397 762 2440 ex
790 2378 860 2461 iege
888 2378 1060 2459 locutionis,
1090 2401 1176 2464 quum
1205 2401 1316 2447 oeusor

128 2606 247 2679 virgines
269 2606 408 2676 Vestitus,
438 2622 531 2679 regern
554 2621 707 2677 snerormn,
730 2605 864 2677 domines,
886 2608 995 2681 piostris
1018 2608 1044 2664 in
1066 2609 1149 2678 urbs,
1179 2625 1316 2666 serrorum

130 2693 298 2767 publicorum
320 2693 411 2767 popuii
440 2690 549 2749 Rumori
571 2706 664 2762 eursu,
692 2693 754 2751 urbi
776 2692 930 2768 oportebit,
953 2711 1075 2768 quosque
1096 2696 1197 2768 plustre
1219 2696 1338 2751 trium·

130 2778 174 2853 pbi
199 2796 298 2851 ceusu,
321 2795 375 2852 quo
398 2778 441 2836 die
464 2779 575 2853 quisque
597 2779 782 2854 triumphabit,
805 2779 865 2837 duoi
889 2783 1041 2856 oportebit,
1070 2798 1191 2855 quemue
1212 2780 1315 2857 prom

128 2866 270 2939 ludorum,
300 2866 344 2939 qni
374 2867 473 2923 Romae
495 2872 540 2921 rut
563 2866 620 2923 urbi
649 2866 747 2924 domne
777 2866 884 2941 publius
911 2868 991 2939 flent,
1018 2869 1081 2924 inre
1102 2884 1226 2943 pompam
1247 2868 1315 2929 indis

130 2952 300 3022 circensibus,
324 2953 397 3023 duni,
420 2954 464 3026 ogi
488 2968 554 3026 opus
577 2954 642 3023 erit3
665 2970 753 3026 quove
774 2953 858 3010 minus
882 2970 971 3011 eorum
994 2971 1081 3012 rerum
1104 2970 1199 3025 crure,
1222 2955 1313 3028 eisque

130 3039 223 3098 diebus
246 3040 349 3115 ptostro
372 3039 485 3097 interdiu
509 3041 534 3096 in
556 3041 622 3096 urbe
645 3039 792 3110 docuntur,
815 3047 945 3113 aguntur,
975 3058 1066 3098 eorum
1092 3042 1142 3097 bue
1167 3043 1229 3114 iege
1250 3042 1316 3099 uibii

128 3133 249 3200 regotur.

235 3214 310 3281 Quos
331 3214 435 3288 piosirs
458 3221 539 3271 nootu
562 3215 590 3271 io
612 3215 703 3271 urbem
726 3213 831 3271 inductu
854 3220 948 3286 erunt,
977 3231 1032 3287 quo
1055 3214 1137 3271 ninus
1160 3231 1192 3271 er
1214 3214 1316 3289 pinrtru

130 3299 226 3372 irenis,
250 3307 294 3358 rut
315 3301 441 3359 stereoris
464 3300 624 3375 exportandi
647 3317 736 3371 conso,
758 3307 820 3376 post
841 3301 925 3358 sotem
947 3306 1033 3358 ortum
1056 3301 1128 3359 boris
1151 3301 1244 3358 deeem
1262 3300 1316 3358 diei

130 3388 217 3445 bobus
238 3385 394 3445 iumentisve
417 3388 504 3445 ionem
526 3388 552 3444 in
575 3388 640 3444 urbe
663 3387 744 3443 Romo
767 3393 794 3444 et
816 3389 849 3445 ub
872 3388 937 3445 urbe
960 3388 1041 3445 liornr
1057 3404 1150 3462 possus
1168 3387 1239 3446 miiie
1254 3405 1314 3445 esse

130 3474 227 3545 bosut,
250 3489 343 3532 sorum
365 3476 415 3531 bue
437 3475 500 3547 tege
522 3473 585 3531 nibit
607 3480 725 3544 rorrtm.

646 3578 732 3651 Grput
753 3576 798 3635 lv,

233 3682 310 3751 Quor
341 3678 401 3739 toi·
430 3682 536 3757 pubiiou
567 3680 740 3754 porticusque
770 3682 893 3756 pubiieoe
915 3683 941 3738 iu
964 3683 1029 3740 urbe
1060 3683 1142 3740 Romo
1170 3682 1316 3757 propiusve

132 3769 224 3827 urbem
238 3766 347 3827 Romen
369 3786 461 3843 pessus
484 3769 554 3825 mitte
576 3773 646 3836 sunt,
671 3773 758 3838 erunt,
777 3784 888 3840 quorum
903 3768 1034 3839 iocorum,
1057 3771 1183 3843 uniusque
1197 3770 1316 3844 purtious
1374 3812 1377 3821 .

132 3854 254 3913 redibunt
284 3870 410 3912 eorumve
427 3855 658 3929 ,magistrotuum
688 3853 733 3927 qni
756 3853 803 3911 viis
831 3855 950 3927 iocisque
979 3855 1091 3931 pubiioir
1118 3856 1188 3913 orbis
1217 3856 1317 3913 Bornos

132 3941 276 4017 propiusve
300 3944 390 3999 orbern
412 3938 520 4005 Bonum
550 3958 641 4015 possus
665 3940 734 3997 mitio
756 3940 900 4015 purgundis
923 3950 1083 4015 praeerunt,
1113 3943 1216 4016 tegibus
1245 3958 1315 4016 pro·

133 4029 234 4085 enredo
264 4035 323 4099 est,
353 4029 423 4099 erit,
451 4047 484 4086 ne
514 4029 571 4101 quis
593 4027 618 4084 in
640 4027 671 4084 iis
694 4026 774 4098 iocis,
803 4027 865 4085 inre
893 4028 925 4085 iis
954 4028 1099 4102 porticibus
1123 4029 1186 4102 qnid
1207 4028 1315 4085 insedi·

133 4115 237 4172 bertum
266 4115 446 4173 inmolitumro
477 4116 593 4185 brbeto,
622 4130 691 4171 nere
712 4128 745 4171 es
774 4115 834 4171 loen
863 4114 1029 4190 portiounrre
1057 4132 1134 4188 quem
1166 4114 1316 4189 possideto,

133 4218 201 4258 nere
223 4216 316 4259 eorum
339 4201 412 4275 quod
433 4208 537 4276 septum
559 4203 709 4259 uirorumue
732 4202 846 4271 bobeto,
869 4217 923 4273 quo
945 4201 1029 4258 minus
1050 4202 1090 4259 eis
1112 4202 1178 4260 toris
1200 4201 1333 4276 portini-v

134 4288 240 4361 busque
261 4288 375 4364 populus
399 4295 487 4347 ututur
508 4294 666 4362 potentie,
686 4286 735 4344 uisi
758 4287 852 4360 quibus
874 4286 965 4359 ntique
978 4287 1094 4361 legibus,
1112 4288 1319 4365 piebistsreitis,

134 4382 276 4433 motusve
297 4375 425 4433 oooruitis
447 4391 618 4446 ιοιιιιοιιιιιιι,
640 4373 830 4448 permissumve
852 4380 900 4431 ost.

135 4520 177 4529 ...-
182 4518 280 4529 σου...
284 4518 429 4527 ..-ι-ωηο...
433 4520 443 4526 -

237 4593 267 4661 1]
285 4598 384 4665 siguum
399 4598 498 4695 rumpi
515 4584 766 4691 monspisatus
777 4597 983 4665 pnoternisrmu
994 4594 1056 4667 tegit
1065 4597 1093 4651 in
1103 4595 1188 4652 trinis
1195 4542 1321 4681 ᾧ.
