3106 5122
229 387 295 461 ass
543 340 643 457 'me
658 386 792 467 prum
827 385 939 463 nnn
972 384 1091 449 rone

227 545 455 625 conventinus
476 552 648 626 tentantem
668 548 698 615 io
720 553 829 615 anton
852 563 886 615 ae
906 544 1052 615 licentiam
1074 542 1229 615 ttuuttrce
1244 542 1423 628 pretiorum,

225 642 261 699 ut
280 634 423 703 surano
444 635 534 701 mtto
557 632 707 716 reprendi,
731 653 789 699 nec
810 654 911 699 rerum
933 635 1026 714 copie,
1048 651 1106 697 neo
1128 650 1272 699 annorum
1294 631 1422 699 uberta-

226 722 305 789 tibus
326 724 526 804 milipareluns
548 729 578 789 tt
599 720 686 803 plene
708 721 855 787 eiusmodi
871 719 1005 797 huminis,
1028 737 1104 801 quos
1122 716 1197 783 hoec
1212 716 1309 785 officia
1324 737 1421 783 exer·

228 810 305 877 citus
324 807 450 881 mneos,
480 807 599 877 dubium
628 827 688 873 non
711 809 749 872 sit
770 826 879 893 semper
901 802 1033 895 pendero
1055 808 1170 885 anison,
1204 825 1239 869 ac
1269 807 1355 869 etiam
1379 804 1418 867 de

225 894 357 961 siderum
379 896 508 963 mutilus
536 913 624 967 auras
644 896 723 975 ipsos
745 901 998 979 ternpestntesrpre
1021 900 1157 979 captare3
1185 910 1284 977 neque
1304 891 1420 975 iniqui-

226 988 289 1049 tate
308 1001 363 1049 sun
384 984 502 1102 perpeti
521 1000 624 1065 posse,
644 980 682 1047 sd
703 998 787 1065 spem
809 980 929 1063 largum
951 978 1117 1047 [plurmum
1137 978 1273 1047 inundari
1294 979 1419 1060 superi-

224 1076 294 1143 0050
315 1070 427 1141 surdus
449 1064 467 1150 )
491 1087 563 1135 arvo
585 1068 702 1133 lellclaz·
729 1075 760 1133 at
782 1068 833 1147 qui
856 1067 1061 1131 detrimentum
1084 1066 1129 1130 sui
1151 1067 1320 1131 existiment
1342 1062 1419 1147 caeli

224 1156 316 1237 ipsius
339 1156 576 1236 temperamentis
607 1152 811 1223 abundantium
841 1154 932 1235 rebus
961 1153 1138 1236 provenire:
1161 1161 1191 1216 et
1214 1152 1319 1234 rpuibus
1342 1171 1419 1219 sen·

224 1262 280 1325 pur
300 1242 426 1313 studium
448 1250 497 1309 css
517 1243 547 1305 in
569 1249 724 1323 quaestum
748 1241 865 1315 trahere
887 1242 975 1303 ctiam
998 1240 1141 1305 lrenelrcia
1163 1240 1278 1321 divina,
1300 1259 1336 1303 ae
1356 1256 1418 1321 pu·

224 1328 320 1395 illese
342 1328 489 1395 felicitatis
511 1328 675 1393 alluentium
698 1329 865 1411 stringere,
887 1346 1052 1408 rursusque
1075 1327 1158 1395 annis
1181 1325 1328 1393 sterilibus
1344 1326 1419 1407 [ru-

223 1436 294 1498 ptae
314 1417 516 1481 eomrncuous
539 1414 636 1499 urique
655 1417 822 1483 institorum
839 1413 944 1481 ollrciis
960 1412 1131 1481 nundinari:
1154 1413 1204 1494 qui
1222 1413 1332 1497 singuli
1350 1431 1418 1479 ma-

214 1492 311 1571 'ximis
333 1502 441 1571 divitiis
458 1501 649 1580 diffluentes,
678 1520 755 1583 quac
782 1502 868 1565 etiarn
892 1502 1065 1587 populosum
1087 1500 1187 1563 Asiani
1210 1500 1333 1581 explere
1355 1518 1417 1585 po-

223 1590 357 1667 tuissent,
377 1596 587 1657 consectemur
601 1588 724 1671 peculia,
747 1596 775 1653 ot
798 1589 988 1653 ucerntrtees
1008 1588 1205 1655 centensium
1227 1604 1417 1673 persequun-

223 1676 296 1743 tert
329 1676 442 1743 Eorum
461 1677 601 1739 avaritiae
624 1675 743 1741 modim
766 1676 869 1753 stetui,
891 1670 1088 1758 provinciales
1111 1675 1220 1751 nostri,
1251 1676 1416 1739 cummunis

223 1762 409 1831 mordelis
438 1763 515 1827 sntio
545 1762 711 1843 persuadet.
755 1761 814 1827 Sed
843 1764 898 1825 inm
927 1763 1012 1831 etium
1034 1761 1114 1842 ipsas
1133 1778 1262 1847 pensas,
1293 1778 1416 1842 quarum

223 1852 386 1917 accustus
409 1850 525 1915 landem
548 1850 687 1930 proicere
697 1844 727 1932 ⁷)
751 1848 801 1911 diu
824 1847 966 1931 prolatam
990 1840 1329 1929 pauemnneonpuli13
1357 1867 1416 1909 ux-

221 1937 334 2018 plicaro
355 1934 499 2007 &bernus
507 1955 516 2011 3
547 1943 578 2001 ut
607 1939 741 2016 quunrvis
764 1934 882 1997 dilicile
904 1937 942 1999 sit
965 1943 1026 1997 toto
1057 1935 1131 1999 orbe
1161 1934 1312 1999 avaritiam
1340 1952 1416 2001 sue·

222 2025 351 2087 niemenr
374 2022 495 2104 speciali
518 2028 725 2111 argumento„
741 2023 788 2084 rel
810 2021 889 2087 tacco
910 2022 1009 2103 potius
1031 2019 1177 2099 revelari,
1207 2020 1298 2085 tutior
1320 2026 1416 2087 lemen

221 2109 412 2192 intellegatur
434 2108 560 2175 reuscdii
581 2108 761 2189 constitutio,
784 2129 850 2175 cum
873 2108 1141 2190 intemperatissimi
1165 2107 1300 2173 lsomines
1325 2127 1416 2171 men·

222 2197 291 2261 dum
309 2215 431 2263 suarum
449 2195 621 2261 monnicam
643 2195 835 2275 cupiditatem
864 2195 1068 2279 designatione
1077 2190 1110 2279 ⁸)
1137 2193 1260 2277 quadam
1284 2200 1314 2259 et
1336 2196 1416 2261 notis

220 2288 366 2364 oupsumr
388 2299 565 2366 apposuere.
610 2281 682 2355 uuis
713 2301 789 2365 ergo
809 2283 921 2347 neseiat
949 2281 1119 2347 utilitatibus
1141 2279 1266 2363 puhlicis
1288 2280 1416 2347 insidie-

223 2372 327 2433 tricem
349 2368 511 2446 audaciam,
533 2385 717 2450 psaoumpuc
739 2369 889 2447 exercitus
912 2377 1034 2433 nostros
1056 2367 1143 2449 dirigi
1164 2369 1330 2443 communis
1346 2387 1416 2433 our-

221 2455 566 2537 eonsummatos,
597 2473 656 2527 non
685 2472 739 2536 per
762 2457 844 2523 vicos
866 2452 955 2520 modo
978 2463 1028 2545 aut
1051 2452 1176 2539 oppidu,
1202 2450 1312 2519 sedin
1334 2455 1416 2523 omni

220 2542 318 2607 itineri
340 2543 437 2609 anano
459 2542 600 2609 sectionis
623 2560 798 2618 occurrere3
820 2543 913 2625 pretia
935 2542 1083 2607 uenelimn
1106 2560 1216 2619 rerum,
1238 2559 1297 2605 uon
1314 2542 1415 2622 qued-

221 2629 307 2713 rupto
322 2636 373 2697 sut
386 2629 505 2710 octuplo
520 2630 619 2693 ruinas
633 2624 828 2712 warnere),
845 2637 877 2693 ut
895 2629 955 2691 tole
972 2630 1071 2692 scelus
1088 2629 1277 2713 copilntioois
1294 2628 1324 2692 el
1346 2626 1417 2693 lucii

221 2716 371 2796 explicaro
393 2717 535 2783 iunianae
556 2716 677 2797 linguae
699 2717 773 2779 ratio
796 2735 856 2783 oon
879 2716 988 2803 possit:
1015 2716 1143 2798 denique
1165 2714 1328 2793 interdum,
1351 2716 1417 2779 dis-

222 2805 366 2875 tractione
389 2805 473 2867 noim
495 2804 550 2881 rei,
571 2802 710 2867 donatiuo
733 2802 852 2865 nnlitcns
874 2800 1082 2885 stipendioque
1103 2802 1222 2887 privari,
1245 2809 1277 2866 et
1298 2821 1416 2867 omnem

219 2890 309 2953 letires
331 2889 412 2953 orbis
434 2889 471 2955 ad
490 2889 680 2969 sustinendus
702 2891 854 2957 exercilus
871 2890 1055 2956 colationem
1078 2887 1258 2955 detestandis
1281 2890 1416 2975 quaesti-

222 2975 280 3043 lsus
306 2976 505 3057 diripientium
532 2976 658 3051 cedcrc;
687 2983 721 3041 ul
749 2996 786 3041 co
810 2977 953 3056 praeusta
980 2995 1059 3057 punc
1093 2983 1164 3041 ment
1193 2974 1310 3039 divitiae
1332 2994 1416 3052 suae,

220 3068 253 3127 et
265 3065 405 3130 emeritos
420 3064 539 3129 labores
555 3064 652 3127 militis
675 3065 766 3129 nostri
788 3064 955 3128 sectoribus
975 3063 1103 3127 omnium
1124 3061 1271 3125 comlerrc
1286 3061 1414 3129 videan-

222 3155 271 3215 lm
278 3170 288 3226 3
310 3169 371 3231 pao
394 3148 625 3230 depraedatores
637 3145 679 3234 ¹⁰]
703 3151 794 3231 ipsius
814 3152 857 3213 rei
877 3150 1012 3235 publicae
1032 3158 1141 3233 teritum
1162 3150 1190 3212 in
1210 3148 1416 3230 messapiam,

220 3244 361 3316 pmstmo
383 3236 495 3303 tuebere
509 3238 649 3317 gestient.
671 3237 723 3299 llis
742 3238 887 3315 omnibus,
911 3255 987 3318 quac
1006 3256 1095 3319 supra
1114 3235 1319 3321 conprehensa
1334 3245 1415 3316 sunt,

221 3323 297 3391 iustu
318 3341 356 3389 oa
376 3324 481 3387 merito
506 3325 648 3403 permoti,
669 3329 698 3384 cl
722 3343 789 3391 outo
812 3326 869 3393 iarn
893 3325 956 3404 ipsa
975 3323 1137 3387 immanitas
1158 3322 1195 3386 de
1217 3324 1311 3387 reensi
1328 3322 1415 3387 ride-

220 3416 320 3473 retur:
351 3426 411 3473 non
434 3410 528 3489 pretia
556 3409 700 3475 venalium
724 3428 824 3473 rerum
846 3406 965 3492 (neque
987 3411 1064 3473 enim
1088 3410 1152 3474 lieri
1175 3342 1214 3471 is
1225 3409 1333 3475 iustum
1355 3429 1415 3494 pu-

220 3501 316 3574 tatur,
346 3514 414 3559 eum
443 3493 585 3576 plurimae
614 3495 759 3561 interdum
790 3498 961 3579 provinciae
983 3494 1121 3561 lelieitate
1145 3503 1262 3579 optatae
1286 3496 1415 3579 vilitatis,

221 3589 252 3646 et
275 3581 356 3645 velul
386 3580 513 3662 quodem
541 3582 699 3645 alluentiac
728 3583 883 3666 priuilegio
906 3580 1108 3668 glorientur),
1130 3583 1183 3647 sed
1205 3583 1324 3649 modum
1346 3591 1414 3650 sla·

219 3666 361 3735 tuendum
384 3685 450 3731 csse
469 3669 653 3745 semanimem
676 3676 708 3735 ut
725 3689 791 3733 cum
809 3672 853 3734 vis
868 3670 964 3753 ulique
979 3672 1109 3737 caritatis
1125 3678 1297 3754 emergeret
1313 3664 1415 3754 [quod

220 3755 261 3821 dii
283 3773 371 3819 omen
393 3752 617 3838 averterentl),
639 3758 778 3835 aruum,
808 3775 886 3839 quae
911 3757 991 3821 relut
1014 3759 1123 3840 campis
1145 3757 1271 3838 quadum
1292 3758 1414 3823 iumen·

219 3842 308 3911 saue
330 3839 445 3907 diffusis
458 3837 513 3926 ¹¹),
537 3842 632 3907 teneri
655 3862 715 3911 non
737 3850 862 3926 poterat,
883 3845 985 3909 statuti
1008 3848 1101 3913 nostri
1123 3844 1229 3911 linibus
1250 3852 1282 3909 el
1303 3845 1414 3910 mude-

323 4047 353 4133 β)
371 4049 407 4103 lls
424 4050 538 4120 suppleo.
565 4051 596 4105 lu
612 4053 653 4105 erl.
676 4056 788 4106 rarislur
809 4054 1058 4176 ⁸⁰p⁹¹⁰¹mffi⁸ic³
1081 4063 1126 4107 neu
1141 4072 1206 4123 spes
1226 4056 1326 4122 [reposo
1340 4056 1413 4121 Μι-

217 4136 304 4172 srsrrss
320 4123 437 4173 mesura
453 4130 496 4174 aar
512 4139 586 4190 super
602 4139 680 4175 cassos
718 4141 828 4192 resperas
844 4126 939 4188 area!
1013 4126 1105 4176 .-7
1137 4125 1174 4177 lts
1188 4123 1310 4193 suppleo:
1328 4140 1413 4195 neque

219 4191 286 4245 enim
304 4189 364 4247 milri
380 4190 476 4260 plrepit
494 4193 655 4257 interponere
705 4230 714 4256 ‚
731 4202 759 4244 ut
770 4193 861 4251 deinde
873 4193 1026 4251 scriberetur
1036 4196 1206 4261 precisionem.
1225 4193 1325 4257 liceret
1336 4197 1414 4249 elisss

220 4256 339 4326 supplere
356 4260 514 4328 proculcare,
531 4261 664 4329 prodiperu,
680 4263 826 4333 prosecrare,
843 4262 984 4330 propq‘pure,
1010 4280 1183 4346 prorumperet
1193 4280 1334 4335 prorepere,
1350 4282 1414 4332 pro-

217 4335 309 4392 terere,
338 4329 494 4394 protrudere,
518 4330 671 4397 propellere,
694 4331 848 4400 protrudere.
877 4330 992 4399 Nsmque
1017 4337 1040 4386 iu
1065 4334 1225 4389 vitiosisrrmo
1245 4332 1321 4389 edicti
1338 4332 1412 4391 turus

218 4396 275 4451 stilo
294 4398 395 4469 quidvis
413 4398 469 4451 lere
486 4399 604 4455 lssriulsri
624 4399 691 4453 licete
709 4422 743 4438 *-
761 4398 790 4464 8)
809 4400 860 4453 ulti
878 4402 995 4469 supplent
1009 4405 1131 4470 [cromam
1141 4402 1324 4486 palemone.
1352 4402 1414 4461 tlibi

219 4464 293 4519 aliter
311 4468 401 4521 risum.
421 4493 451 4502 -
471 4467 501 4533 9)
518 4466 555 4519 ltu
575 4470 633 4521 sniis
651 4470 821 4541 supplendum
837 4471 963 4529 surdebat
982 4472 1071 4540 lapidis
1085 4474 1293 4541 extratispatium.
1313 4500 1344 4510 -
1366 4471 1412 4540 to]

217 4530 266 4588 Ed.
286 4536 356 4591 addit
373 4535 574 4603 supplementum
591 4539 655 4591 ortis
673 4548 708 4601 er,
727 4536 794 4609 quod
812 4542 919 4608 spatium
939 4540 1027 4609 lepidis
1045 4557 1095 4599 non
1111 4545 1213 4611 patitur.
1233 4569 1264 4579 ·-
1284 4538 1332 4610 lt)
1350 4541 1411 4613 lup.
