3102 5118
412 456 435 521 ς.
456 456 496 511 te.
528 455 691 512 Testamenta
709 464 734 511 et
753 448 957 511 testamentorum
975 461 1066 525 portas.
1080 424 1095 453 ἶ
1268 454 1334 520 409

145 614 230 679 dere.
253 613 339 690 Qitnd
352 611 428 699 siqui
445 586 589 680 adversus
611 612 666 699 iv)
689 612 824 694 fecerint,
846 631 951 678 eorum
971 584 1050 678 bom
1064 612 1215 698 pertinere
1237 612 1334 677 debo-
1359 584 1364 593 ⁸

145 703 221 773 bunt
248 701 286 765 ud
313 720 377 765 rem
406 703 553 786 publicam
582 701 835 767 Brundisinorum.
868 736 909 747 -
942 702 1089 763 Brundusii.
1117 704 1188 765 brut.
1211 722 1238 785 p.
1262 702 1334 764 out.
1360 746 1367 757 .-

146 810 183 851 ex
205 793 277 853 atto
300 793 431 871 Orthaga.
451 794 655 873 spangenberg.
678 791 800 883 pbill.
844 793 915 851 ilrel.
938 792 1030 851 4431.

448 981 552 1052 Caput
570 998 607 1037 ex
625 989 811 1037 casamento
830 976 867 1034 N.
885 972 1035 1035 bistonii.

254 1123 345 1183 1798.
390 1126 560 1201 discriptum
582 1127 683 1200 iegitur
704 1126 784 1202 cippo
806 1125 947 1200 sepulcreli
971 1125 1001 1181 li.
1018 1124 1129 1183 Nerusii
1147 1124 1251 1197 boonis,
1274 1124 1333 1183 be-

147 1212 219 1284 dilie,
243 1212 412 1282 Qortnurvici
437 1214 499 1287 lege
521 1214 657 1285 cometis,
677 1212 832 1282 Qonmtorie
854 1212 982 1288 pecuniae
997 1212 1131 1288 publicae,
1153 1211 1258 1286 petroni
1272 1228 1366 1269 mu-r·

144 1300 236 1374 nieipii
258 1308 287 1356 et
309 1300 493 1373 Augustalium
510 1298 683 1359 i’eliltnornm
707 1292 829 1378 (Gruter.
852 1319 877 1375 p.
901 1295 986 1377 43⁷)
1008 1306 1117 1374 reperto
1142 1297 1225 1355 ttae
1248 1314 1334 1374 prope

148 1386 307 1458 Strongiioa
329 1387 355 1444 in
379 1387 509 1444 Calabria.
531 1388 563 1445 V.
595 1387 694 1460 Georg.
717 1387 819 1445 Febris.
847 1387 998 1445 Nouimeot.
1028 1386 1107 1459 antiq.
1130 1403 1156 1460 p.
1182 1385 1229 1442 ts.
1250 1385 1336 1442 (imi-

145 1476 215 1530 tber.
238 1473 326 1547 Antio.
349 1474 454 1531 tabulae
476 1493 500 1531 a.
524 1474 595 1532 391.
618 1475 733 1533 Bolseno.
757 1475 796 1533 De
813 1474 891 1535 ioum.
907 1473 955 1530 vtt
971 1490 1012 1548 cp.
1031 1472 1099 1531 ibd.
1122 1473 1218 1530 Gruter
1229 1490 1254 1546 p.
1271 1471 1332 1528 215

148 1553 185 1639 [e
204 1559 335 1632 Sertigcrl
350 1553 484 1641 schedis).
517 1562 633 1620 Fabretti
649 1580 674 1638 p.
691 1561 751 1623 ,403
777 1553 839 1639 (qui
861 1561 1013 1633 diligentius
1036 1577 1089 1635 ope
1112 1558 1239 1618 Dominici
1261 1560 1336 1616 Sab-

145 1646 229 1709 batini
258 1642 449 1719 Strongilensis
478 1644 660 1721 recognitum
675 1645 804 1727 exhibet)
858 1649 988 1706 Temsroo
1018 1647 1082 1707 llist.
1113 1648 1147 1702 de
1176 1648 1201 1703 la
1231 1646 1335 1721 iuriapr.

146 1734 217 1807 Adp.
240 1751 266 1807 p.
289 1733 339 1790 84.
372 1730 575 1806 Spungenb'erg.
601 1736 681 1793 Tubb.
703 1754 730 1811 p.
755 1735 803 1792 tt.
827 1734 974 1805 Gruterum,
1005 1735 1076 1791 Orel.
1100 1734 1192 1791 3678.
1221 1733 1336 1790 Nebret-

148 1829 204 1877 tom
227 1826 379 1894 sequentes.
413 1822 452 1877 lle
476 1822 529 1878 ltoc
550 1828 713 1879 testamento
736 1822 792 1893 agit
814 1821 891 1879 etiam
914 1822 1008 1893 Egger
1035 1823 1154 1879 Examen
1176 1820 1224 1877 dea
1244 1820 1334 1878 bisto-

146 1909 218 1963 riem
243 1904 400 1979 d'dugusla.
424 1909 493 1983 App.
516 1908 548 1964 ll.
570 1927 596 1983 p.
621 1909 692 1967 293.
725 1909 827 1982 Zumpt.
849 1908 889 1966 Ile
911 1908 1050 1979 Augustei.
1073 1927 1098 1983 p.
1121 1910 1172 1966 45.

251 2004 347 2087 Kaput
367 2025 407 2069 ox
430 2015 606 2071 testamento
624 2009 666 2072 bt.
690 2008 817 2072 bleconii
839 2009 877 2072 bl.
899 2008 931 2072 F.
955 2008 1019 2072 Cor.
1042 2003 1178 2089 Leoni)

217 2126 222 2135 ·
250 2092 312 2156 Hoc
334 2095 456 2175 amplius
477 2095 511 2169 ll,
536 2094 565 2157 P.
577 2091 609 2178 Β)
632 2095 821 2163 Petilinorum
851 2094 913 2158 dari
935 2096 1004 2159 solo
1027 2094 1081 2158 HS.
1104 2096 1127 2165 x
1149 2094 1184 2157 N.
1194 2090 1226 2179 ⁴]
1262 2091 1336 2158 item

145 2181 262 2242 vineam
285 2174 536 2264 erasmianam),
558 2198 624 2247 eum
646 2178 799 2265 portent)
823 2181 905 2245 fundi
921 2182 1099 2264 Pompeiani,
1122 2200 1160 2247 ea
1173 2183 1214 2265 uti
1229 2181 1337 2263 optimu

146 2267 332 2349 ruoximuquc
353 2274 438 2346 sunl,
469 2268 575 2333 tinibus
597 2271 675 2347 suis,
705 2265 807 2352 qoa⁷l
829 2288 895 2333 mea
917 2268 1047 2333 fuerunt.
1080 2268 1157 2333 Volo
1181 2276 1277 2332 autem
1299 2286 1340 2332 ex

146 2355 247 2421 usuris
267 2355 439 2421 semissibus
461 2355 517 2421 NS.
540 2355 572 2426 x.
595 2357 631 2420 N.
655 2358 818 2438 comparari
839 2355 1046 2439 Augustalium
1068 2356 1127 2420 loci
1140 2356 1175 2419 N.
1184 2350 1217 2440 8)
1233 2353 1270 2418 ad
1286 2355 1336 2419 in·

99 2502 104 2507 .
145 2448 343 2505 strumentum
366 2442 559 2506 tricliniorum
582 2443 687 2521 doura,
708 2443 788 2525 quod
816 2445 861 2513 eia
883 2462 931 2506 me
954 2438 1065 2527 ribo⁹J
1088 2442 1202 2519 tradidi,
1225 2442 1341 2506 ouum

146 2528 231 2590 lolrra
246 2536 276 2590 et
291 2528 426 2591 lucernas
443 2530 595 2612 bilycbnes
607 2526 662 2612 ¹⁰),
676 2532 797 2594 arbitrio
812 2530 1028 2614 dugmmlim,
1049 2548 1111 2610 uno
1125 2529 1238 2593 lucilius
1252 2526 1338 2595 entis

109 2638 113 2643 ·
146 2614 252 2681 diebos
275 2614 376 2696 epulas
391 2612 434 2701 ¹¹)
457 2617 542 2681 obire
565 2619 689 2699 possint,
711 2617 790 2700 quod
813 2618 909 2699 ipsum
931 2617 967 2679 ad
990 2617 1139 2680 utilitatem
1154 2617 1228 2699 reip.
1244 2613 1280 2677 N.
1294 2611 1337 2698 ¹²)

147 2702 298 2784 pertinere
320 2702 497 2781 existimavi,
527 2701 643 2769 lucilius
664 2703 804 2767 subituris
826 2721 902 2767 onus
924 2703 1166 2786 Augustulum,
1189 2700 1258 2765 dom
1281 2700 1339 2765 boo

148 2786 335 2852 corramoduru
357 2797 425 2851 ante
448 2790 553 2853 ocarios
576 2790 692 2855 babent.
728 2791 882 2853 Caeterum
909 2796 1007 2852 antem
1037 2797 1202 2869 temporum
1231 2804 1341 2851 usuras

146 2877 279 2938 semissis
293 2870 334 2958 13)
357 2876 411 2940 HS.
435 2893 467 2945 x.
490 2877 524 2939 N.
547 2876 583 2940 ad
605 2879 828 2940 instrumentum
850 2875 1057 2958 Augustalium
1072 2876 1192 2939 arbitrio
1207 2875 1338 2957 ipsorum

145 2980 219 3027 esso
241 2961 328 3038 volo,
351 2980 411 3043 uuo
432 2963 545 3027 facilius
569 2982 677 3026 munus
696 2982 794 3029 meum
817 2970 991 3044 perpetuum
1014 2980 1194 3025 oenomaum
1215 2963 1341 3044 possint,

147 3066 247 3130 neque
277 3049 305 3111 in
337 3049 410 3113 elios
440 3068 514 3113 usus
545 3068 650 3115 musas
682 3068 758 3131 qum
788 3051 827 3112 ita
854 3066 957 3131 orep.
989 3050 1158 3130 acceperint
1183 3048 1339 3112 numeret

147 3136 236 3213 volo,
265 3152 351 3215 mom
373 3138 400 3198 si
421 3154 548 3199 necesse
578 3136 667 3201 inerit
686 3138 717 3199 in
747 3136 989 3218 pastinationem,
1017 3131 1247 3217 viacompueu)
1270 3153 1338 3198 cum

142 3229 234 3303 parte
256 3221 339 3285 matt
369 3223 538 3303 Pompeiani
566 3224 642 3287 siem
664 3241 753 3305 supra
775 3223 844 3287 dixi
884 3223 948 3287 lloc
975 3222 1099 3304 emplius
1128 3223 1341 3306 numentum

145 3309 207 3373 loci
230 3310 339 3375 iccirm
362 3309 425 3375 dori
446 3310 516 3373 volo
539 3327 616 3390 quoe
637 3318 684 3374 est
706 3310 845 3388 Aminea,
865 3316 898 3374 ut
919 3311 947 3372 si
968 3310 1140 3392 cogitationi
1159 3327 1260 3386 meuc,
1282 3326 1341 3388 que
1415 3362 1418 3367 .

146 3396 342 3477 prospexisse
360 3415 407 3458 me
422 3396 592 3461 utilitatibus
606 3397 714 3461 vestris
736 3394 827 3461 credo
840 3393 896 3480 ¹⁵),
919 3397 1130 3461 consenseritis
1152 3398 1252 3460 riuum
1273 3397 1340 3463 mi-

147 3484 205 3545 bos
220 3482 327 3545 vestris
342 3482 500 3561 dumtaxat,
522 3483 589 3547 dum
602 3478 645 3566 ¹⁰)
667 3483 784 3565 publice
806 3484 907 3564 epulas
930 3482 1119 3562 exercebitis,
1140 3482 1340 3653 ὴαὴετεῧοε-

146 3570 222 3633 sitis.
255 3569 319 3633 Hoc
340 3575 439 3633 antem
463 3572 581 3632 nomine
603 3569 727 3634 relevati
750 3570 904 3652 impendiis
931 3569 1044 3633 inedias
1071 3567 1254 3653 prosilituri¹
1310 3568 1340 3631 bi
1367 3630 1371 3635 .

253 3776 282 3845 i)
295 3794 356 3849 pto:
370 3780 405 3831 id.
419 3805 450 3816 ·-
464 3777 493 3845 2)
505 3779 582 3832 blanci
595 3778 638 3830 dlii
650 3776 769 3831 &raetia
782 3777 847 3830 tribu
859 3778 957 3832 Leonis.
971 3803 1004 3813 —
1017 3778 1046 3844 3)
1063 3779 1101 3831 roi
1119 3778 1243 3849 publicae.
1261 3801 1294 3810 -
1310 3773 1341 3843 d)

147 3849 288 3902 sestertium
302 3850 391 3902 decem
411 3848 487 3901 miliia
505 3864 637 3902 nummum
651 3844 719 3915 (eelz
736 3847 864 3914 numero).
885 3875 914 3886 -
935 3846 964 3914 5)
979 3848 1169 3901 bbnloidiooom
1182 3847 1251 3899 Grut.
1264 3863 1339 3914 quom
1447 3847 1452 3860 '

147 3920 260 4040 exsequitur
272 3918 467 4040 spangenbffi
485 3917 654 4041 blomelndose
673 3934 735 4038 plrog
758 3927 836 4038 portp.
862 3918 946 4038 ⁸⁶9⁷]
966 3932 1095 4019 quomens.
1108 3916 1177 4039 (ipat.
1195 3915 1340 4038 ⁴Spiatngeob.

146 3996 398 4124 ttltttttt.
422 3995 583 4121 Pinio
599 4014 627 4109 r}
642 3985 735 4110 litt
749 3984 1340 4121 librili.tttsadtt..'.ttl

147 4127 187 4178 tra
202 4125 269 4193 prot
286 4126 351 4179 obire
367 4127 467 4193 possint
495 4126 627 4178 Febrettus
645 4129 786 4195 suspicatur
803 4126 951 4193 legendum:
976 4126 1116 4177 strmtattro
1132 4126 1251 4194 prolicit,
1270 4124 1337 4193 quod

148 4196 257 4249 adscivit
273 4193 341 4248 (inei.
359 4197 439 4261 Quem
458 4210 505 4247 nus
523 4196 638 4249 dedimm
655 4196 800 4248 emendatio
816 4204 855 4247 est
868 4195 983 4264 Zumptir'.
1003 4218 1037 4230 -
1055 4192 1101 4259 tt)
1113 4203 1221 4247 nostrae.
1241 4221 1272 4231 -·
1294 4189 1339 4259 13)

146 4276 238 4316 murno
253 4267 368 4319 emisses.
387 4265 486 4319 Gruter.
510 4265 825 4318 nominassemus.
851 4293 882 4302 —-
910 4263 955 4329 ll)
974 4266 1008 4316 itu
1033 4262 1101 4317 Grut.
1118 4265 1217 4316 cineam
1234 4280 1302 4332 quoq.
1321 4264 1338 4315 l.

148 4346 172 4387 e.
192 4349 293 4404 qnoque
310 4333 410 4388 Fnbtet.
435 4333 501 4388 (incl.
520 4342 546 4385 et
563 4333 660 4402 Zumpt.
686 4344 779 4403 puncto
797 4343 854 4418 post
870 4335 1062 4417 pastinationem
1074 4336 1165 4435 posito.
1185 4361 1216 4368 —
1236 4330 1281 4398 15)
1299 4332 1337 4384 lte

147 4400 884 4526 {iiiiiiitriiiifililimiiiimxiiii-'¹⁸
896 4414 1023 4538 ttl'ttt
1036 4412 1212 4540 'itm
1234 4416 1338 4524 titt

149 4540 950 4682 anfflrrfssrmziupmggm.woerrer⁸pgtim.cmmm⁷
967 4558 1041 4611 quem
1054 4541 1198 4613 Spengenb
1212 4542 1334 4611 sequitur.
