3102 5118
458 383 482 449 i
501 383 541 439 12
578 382 737 441 sennua
754 393 781 439 st
796 394 1004 443 suunsntorum
1020 394 1115 459 purten
1317 385 1383 471 407

296 518 337 606 x.
377 539 541 609 Praedium
560 541 766 613 suburdaarm
785 545 951 607 sestertium
970 545 1121 629 sexagies,
1134 544 1223 633 quod
1235 545 1383 611 beneficio

190 626 267 710 lrrtp
289 627 434 693 Caesaris
459 627 587 692 Traiani
613 628 743 711 Aepusti
773 630 941 695 Gerasamci
968 631 1081 697 Dacici
1110 620 1286 697 consecutus
1307 652 1382 710 susm

188 718 269 783 intra
291 715 459 796 biennium,
488 733 575 797 quani
597 724 733 781 mortuas
754 735 825 794 era,
857 716 1005 781 libertis
993 738 1026 780 m
1047 718 1190 783 alinosta
1211 720 1281 783 dari
1302 720 1382 785 calo.

189 802 279 871 Fidei
301 804 403 884 itaque
422 801 563 867 Ιηηιᾱηη
585 806 750 885 committa,
772 804 815 867 uti
836 803 1029 888 praedium,
1020 825 1050 869 in
1073 824 1133 906 quc
1156 824 1268 887 corpus
1288 824 1384 873 marm

190 889 313 971 sepeliri
341 888 430 967 acle,
459 908 526 953 cum
554 890 588 952 irs
617 908 688 953 eo..
719 892 877 969 ,ammas
897 909 980 955 meus
1016 894 1208 973 rarissimus,
1238 894 1384 976 reliquiae

191 995 275 1043 meas
298 976 481 1055 condiderit,
510 979 646 1058 exceptis
674 976 751 1040 locis
779 977 931 1058 relipiosis
953 984 982 1040 el
1000 980 1197 1055 monimenta,
1223 1000 1283 1062 pua
1305 980 1383 1045 reli-

191 1065 284 1146 quiae
304 1081 389 1126 meae
411 1064 517 1127 niens
539 1062 659 1143 fuerint,
682 1066 847 1146 cuicumque
867 1065 933 1126 siae
954 1070 1127 1128 testamenta
1142 1074 1270 1130 anleaoe
1288 1067 1383 1130 liliosb

188 1157 282 1214 totos
311 1150 381 1213 dedi
401 1152 467 1213 siae
496 1150 646 1215 codicillis
667 1151 797 1230 dedero,
825 1159 1033 1234 praeterquam
1055 1150 1171 1237 Hyinno
1193 1155 1384 1255 possimis

190 1256 239 1300 nse
267 1239 374 1299 merim
402 1243 431 1299 et
457 1237 580 1319 inpralo
602 1257 684 1339 erpa
706 1245 869 1320 patronum
890 1257 985 1313 mart,
1009 1257 1075 1301 mm
1090 1257 1228 1318 pascum
1249 1241 1382 1318 saltibus,

190 1324 293 1403 silvis,
313 1323 489 1387 instructum
510 1326 660 1404 mmcipie
682 1324 760 1401 deret,
781 1327 826 1389 ita
847 1343 885 1389 ne
906 1325 944 1386 de
964 1327 1084 1388 comice
1103 1325 1277 1391 libertorum
1295 1336 1385 1397 coeat

188 1430 268 1475 neae
288 1411 315 1473 ii
334 1411 467 1475 cudant
481 1412 613 1493 pipnore
633 1412 713 1493 dent,
736 1410 852 1489 cedunt,
874 1410 1055 1491 condonent,
1077 1412 1382 1495 consumpseris,

190 1500 246 1580 pai
268 1516 308 1561 oc
330 1497 377 1560 liis
396 1498 566 1577 decesserit,
588 1498 713 1579 reliquis
727 1498 887 1562 admmcat
899 1499 996 1562 donec
1012 1499 1043 1563 in
1061 1517 1161 1563 rerum
1179 1508 1285 1564 nutura
1303 1510 1384 1567 esset

190 1602 270 1650 unus
292 1604 405 1648 eorum.
449 1583 566 1661 Οηοάηἰ
587 1584 685 1647 liberti
707 1584 889 1666 libertasque
903 1586 936 1647 in
951 1604 1054 1648 rerum
1073 1594 1185 1649 namra
1199 1606 1301 1649 omues
1319 1607 1384 1651 esse

191 1672 347 1751 desierint,
369 1678 438 1734 tanc
460 1670 496 1734 sd
518 1671 690 1735 libertorum
712 1686 846 1734 mearam
865 1672 947 1751 filios
960 1681 1167 1755 pastoresque,
1190 1673 1287 1737 donec
1308 1682 1385 1738 essm

187 1776 271 1821 wius
292 1777 413 1832 eorum,
442 1758 521 1820 idon
550 1758 621 1820 celo
647 1759 809 1838 pertinere.
855 1759 968 1832 Quodsi
998 1778 1068 1823 esse
1091 1759 1229 1840 desierit,
1251 1767 1322 1825 tuoe
1342 1763 1386 1824 ad

191 1846 335 1908 ommia
356 1848 414 1907 arei
440 1844 564 1908 diertos
589 1851 787 1927 posterosque
809 1862 913 1908 ηοηηηη
932 1848 1091 1925 pertineat.
1135 1846 1209 1909 Οηηι
1229 1855 1331 1910 autern
1353 1850 1383 1911 in

189 1940 253 1996 usn
281 1932 385 1995 multus
412 1939 514 2013 portes
539 1932 700 2012 praedium
724 1934 897 2013 praefatum
926 1933 1117 1996 distributum
1145 1936 1189 1996 iri
1208 1934 1382 2016 ecclipsis,

190 2036 250 2082 meo
268 2021 366 2100 possit
386 2037 488 2083 ornnes
509 2020 648 2083 universa
670 2018 836 2100 possidere,
858 2019 1007 2100 reliquum
1021 2029 1072 2096 est,
1095 2018 1166 2083 duic
1183 2038 1301 2103 quaque
1318 2022 1383 2103 difl-

189 2106 316 2188 ticultrm
337 2106 499 2169 emoriere.
542 2105 647 2188 ltaque
672 2106 829 2186 Terpnum,
851 2106 1003 2185 Achillen,
1024 2105 1224 2190 Helicpseden
1247 2109 1383 2191 Opoba-

191 2193 293 2256 listam
315 2200 474 2256 curatores
495 2192 534 2256 da
557 2201 586 2255 el
612 2195 708 2276 siprds
730 2211 771 2255 ea
791 2193 839 2255 liis
867 2193 1030 2256 decesserit
1049 2201 1120 2257 tunc
1140 2194 1233 2257 alium
1255 2203 1383 2260 carato-

190 2298 257 2344 rens
278 2280 414 2344 substitui
436 2281 567 2344 curatori
589 2280 730 2361 &functo
751 2281 936 2362 reliquorum
954 2280 1102 2364 suffrapio
1116 2282 1206 2345 taceo
1223 2289 1258 2347 ut
1273 2282 1314 2345 als
1335 2284 1382 2349 leis

191 2367 385 2432 curatoribus
412 2366 547 2430 elimenta
577 2369 674 2431 omnis
705 2369 872 2449 computari
902 2374 931 2429 el
957 2368 1073 2431 reditum
1102 2368 1243 2432 distribui
1269 2369 1384 2434 dimus

190 2453 272 2536 cale,
293 2473 354 2538 qua
370 2472 406 2517 re
419 2453 551 2538 effecturi
565 2454 608 2517 iri
621 2455 781 2537 existumo,
801 2461 834 2518 ut
847 2455 883 2517 ub
903 2472 963 2519 unc
978 2457 1074 2519 omnia
1088 2458 1257 2540 percipiant
1270 2472 1381 2521 mones.

294 2573 344 2643 xl
386 2574 453 2639 Hoc
477 2576 608 2657 anplius
628 2572 754 2639 lmedss
765 2595 848 2657 meos
862 2595 939 2659 rapo
950 2577 1081 2660 {idemus
1098 2578 1230 2643 onmium
1242 2577 1383 2647 iteradum

188 2681 324 2729 incorum
347 2664 506 2741 committo,
529 2665 662 2727 maxine
682 2683 756 2726 cero
778 2683 799 2725 a
819 2671 888 2741 lua,
909 2663 1067 2741 Serviane,
1090 2664 1217 2740 damires,
1240 2683 1316 2746 erpa
1336 2686 1384 2729 sse

188 2750 397 2815 malausa
416 2756 497 2829 pelo,
518 2768 556 2812 ree
576 2751 702 2829 patiaris
724 2757 792 2831 post
815 2770 862 2814 ina
886 2768 1063 2832 quemquam
1085 2751 1213 2826 iilaraus,
1227 2770 1303 2832 quas
1317 2753 1383 2819 siae

189 2844 363 2901 testamento
384 2838 450 2900 sios
471 2837 621 2900 codicillis
648 2837 832 2917 maumittes,
860 2844 915 2899 ant
942 2838 1031 2899 eliam
1057 2846 1189 2901 ceterum
1208 2837 1384 2905 libertanum

189 2931 309 2989 warum
336 2925 410 3007 parsi
437 2924 471 2985 ia
500 2931 686 2987 nucamenta
717 2941 798 2999 mea,
826 2932 881 2986 aut
908 2942 1081 3005 quenquam
1112 2943 1153 2986 es
1173 2925 1247 2987 meis
1268 2920 1384 2989 libertis

186 3018 315 3091 promer
336 3009 471 3092 Eocotpu
493 3005 559 3094 [m]
583 3017 613 3072 et
634 3010 816 3073 Harmssluns
839 3017 870 3071 et
897 3010 1098 3073 Anotellaela.
1142 3009 1264 3075 Aditum
1284 3020 1383 3076 auteur

190 3098 332 3161 ambitum
354 3105 383 3161 et
401 3116 554 3161 accessus
576 3098 610 3161 irs
631 3104 815 3161 reuomente
837 3096 908 3160 eolo
929 3096 1041 3161 labere
1062 3115 1181 3179 amnes,
1210 3116 1287 3179 quos
1316 3100 1381 3165 sive

188 3192 260 3249 sate
282 3191 485 3251 testamentum
506 3186 573 3249 siue
593 3190 762 3247 testamrdo
784 3185 940 3247 mmsumisi
958 3186 1170 3265 praeterquam
1192 3192 1236 3261 te,
1258 3184 1382 3267 limnas,

190 3271 260 3354 pul,
289 3273 426 3352 mmsis
455 3270 609 3352 plurimum
640 3270 689 3332 tibi
711 3272 894 3351 praestitisse
920 3290 964 3332 me
985 3273 1164 3353 apponeris,
1186 3271 1263 3339 adeo
1285 3280 1383 3337 tanim

189 3361 330 3439 impratus
353 3359 495 3436 ectitisli,
516 3366 549 3419 ut
566 3364 692 3438 propter
715 3376 768 3435 ca,
801 3376 879 3438 puae
901 3377 918 3420 o
941 3364 970 3419 le
993 3361 1174 3441 pascassini
1198 3367 1249 3422 sut
1271 3360 1382 3422 timue-

189 3444 261 3520 rim,
285 3447 371 3508 diam
392 3464 413 3507 a
434 3448 543 3509 tomulo
561 3463 630 3507 meo
651 3446 860 3507 remanendum
880 3452 907 3506 te
922 3445 1083 3509 statuerim.
1127 3445 1285 3527 Reliquias
1301 3465 1383 3515 ucas

194 3531 263 3595 Ursi
284 3531 416 3595 Servisni
431 3530 539 3597 domini
561 3533 619 3593 snei
642 3539 711 3595 et..
734 3533 823 3594 amici
846 3533 994 3594 rarissimi
1016 3550 1109 3595 carae
1124 3533 1303 3610 commmoda,
1326 3548 1388 3597 aad

190 3618 293 3699 polum
315 3624 413 3681 ardon
435 3617 508 3681 lcrri
530 3616 599 3680 uolo
621 3634 676 3698 per
698 3616 831 3681 Serviani
848 3619 905 3681 inei
928 3619 1058 3683 libertos.
1091 3618 1152 3681 Per
1170 3619 1291 3681 eaodem
1303 3618 1383 3682 arsi-

191 3726 258 3769 cum
278 3709 361 3769 intro
382 3705 530 3767 Ιηεηηὲηη
549 3712 704 3785 postquam
733 3705 888 3784 minacius
919 3723 973 3770 ero
1002 3708 1198 3769 consummari
1216 3706 1383 3771 incloacari

192 3793 281 3856 iubeo
303 3805 515 3856 monumentum
536 3804 734 3873 summumque
762 3793 797 3853 in
819 3788 882 3854 cam
903 3812 965 3854 reru
984 3792 1132 3873 sactorum
1152 3792 1296 3855 rationem
1318 3814 1382 3857 eum

190 3878 321 3943 reddere
341 3879 411 3945 volo
434 3879 578 3945 Serviano
601 3899 687 3958 mec,
717 3890 744 3940 et
764 3898 824 3960 pua
851 3882 953 3943 uotum
973 3880 1012 3941 sit
1031 3879 1171 3943 volentos
1191 3898 1266 3980 mea,
1287 3880 1384 3965 lapidi

190 3967 287 4030 accidi
307 3967 470 4029 testommti
491 3965 655 4046 ecempluns
678 3973 708 4028 ct
730 3966 801 4047 poni
821 3965 860 4028 ad
882 3966 959 4028 latua
980 3968 1152 4055 monimenti
1172 3966 1238 4029 mei.

295 4086 357 4153 ΧΠ.
401 4085 469 4153 Hac
489 4089 619 4169 anplius
641 4088 777 4169 puisprsis
796 4086 871 4151 aedri
891 4086 980 4151 terss
999 4086 1162 4151 damase
1179 4090 1239 4152 uit
1258 4093 1383 4151 erm

192 4194 260 4240 aaut
281 4192 398 4259 cosque
418 4192 498 4257 repo
519 4174 647 4256 fideique
670 4177 737 4238 eius
759 4191 921 4255 eermnpue
942 4176 1099 4250 ocssmitta,
1117 4182 1165 4237 -ut
1187 4194 1384 4257 pessimae

192 4263 251 4325 luco
272 4268 442 4327 meato
464 4263 603 4343 cuipuass
624 4262 693 4325 dedi
714 4262 822 4345 legavi,
844 4278 879 4323 es
901 4261 1070 4324 vicensimis
1093 4263 1228 4325 omnibus
1248 4262 1382 4337 liberent,

192 4351 238 4413 ila
257 4358 291 4412 ut
311 4369 365 4414 eas
386 4356 440 4414 aut
459 4348 580 4413 salvant
600 4349 753 4412 iudiciuae
783 4348 951 4428 suscipiant
979 4364 1015 4410 eo
1037 4350 1172 4428 nomine,
1204 4356 1253 4413 sut
1274 4351 1382 4415 vices·

192 4437 287 4501 abac
308 4454 428 4503 nom
450 4455 515 4501 estu
531 4435 708 4516 publium
730 4435 780 4536 pai
799 4435 835 4496 id
854 4433 986 4516 coctipal
999 4434 1316 4514 semimutilatis,
1330 4440 1384 4499 aul

190 4525 397 4608 paciscantur,
417 4530 468 4590 sut
488 4521 634 4605 decidant,
655 4524 736 4588 aut
727 4541 758 4586 in
779 4520 926 4585 mosoma
946 4524 1191 4605 conpromittast.
