3080 5112
228 470 294 541 pes
559 473 638 529 roe.
653 444 785 545 prem.
820 472 882 544 erp.
898 472 930 530 n.
964 473 1083 530 omre.

228 636 321 709 ese,
342 629 372 694 s.
394 628 416 697 t
435 630 589 713 posteo
603 631 758 713 moroso
769 628 807 715 1),
830 633 898 695 neo
920 630 1419 716 temporetempo-

227 717 429 878 memrogm
450 803 478 866 b.
501 803 519 866 Ι.
542 803 578 867 sd
601 822 665 868 oes.
686 805 838 886 promeret
858 805 1025 887 oportebit,
1054 806 1100 867 sei
1120 808 1147 868 is
1168 823 1255 889 pop,
1275 806 1360 871 seire
1383 824 1419 870 eo

228 890 357 993 peperit,
379 897 442 953 turn
465 892 534 971 quei
555 892 619 954 etos
639 910 710 974 pop.
732 909 810 972 rqre
830 898 913 991 tutor
926 892 1007 993 erit,
1038 893 1106 992 intent
1136 892 1298 974 redeoque
1319 895 1419 957 ononis

227 975 912 1146 inoffid'ibifdi‘niiiifm
925 981 1420 1147 'trftttmottmt

331 1165 381 1230 Sei
402 1184 464 1231 eos.
488 1162 618 1250 otqoe‘]
641 1166 669 1230 tr.
692 1167 711 1230 i.
734 1165 940 1250 professiones
963 1167 1046 1230 fierei
1069 1169 1216 1249 oportebit
1232 1168 1343 1232 Romae
1359 1189 1419 1234 non

228 1254 295 1329 orit,
318 1259 376 1316 torn
399 1253 436 1332 is,
454 1271 546 1335 ,quern
570 1253 719 1334 promeret
735 1255 892 1335 oportebit,
914 1253 993 1335 quod
1012 1270 1079 1318 eonr
1095 1255 1244 1337 promeret
1259 1258 1420 1338 oportebit,

229 1340 266 1404 e'd
288 1357 334 1421 pr.
358 1339 432 1417 orb,
453 1346 513 1415 sut,
535 1342 580 1402 sei
603 1340 627 1403 is
650 1340 761 1403 Remos
783 1359 842 1403 non
865 1342 931 1419 erit,
953 1340 989 1403 ed
1013 1359 1081 1403 eurn
1104 1359 1147 1422 pr.
1171 1343 1241 1422 quei
1261 1344 1341 1405 inter
1361 1362 1420 1427 pe-

229 1426 368 1508 regrinos
390 1425 436 1489 ios
458 1426 565 1506 deicet,
588 1425 784 1509 promomine,
807 1428 845 1489 its
862 1427 922 1490 otei
937 1442 1005 1489 eum
1022 1427 1058 1490 od
1074 1445 1148 1507 eos,
1170 1428 1291 1492 sei'tunr
1305 1428 1420 1493 Bomos

143 1514 147 1525 “
229 1518 329 1591 esset,
352 1512 380 1574 ir.
404 1512 422 1575 t.
445 1512 598 1596 promerei
620 1520 780 1595 oporteret.

333 1617 384 1682 Sei
405 1635 445 1680 ex
466 1618 500 1680 iis
523 1635 586 1681 cos.
609 1625 639 1680 et
660 1636 723 1699 pn,
751 1616 789 1681 nd
811 1634 888 1698 quos
911 1616 939 1679 ir.
962 1616 1209 1698 [professiones
1238 1619 1301 1682 fieri
1323 1637 1420 1703 opor-

228 1702 303 1782 tibit,
325 1721 412 1768 nerno
435 1721 538 1767 eorum
560 1703 672 1767 Romoo
691 1705 756 1781 erit,
779 1711 839 1767 tom
856 1705 882 1767 is
898 1722 983 1786 quem
1001 1702 1151 1786 promeret
1167 1707 1324 1787 oportebit,
1347 1703 1420 1791 οῖ’)

228 1787 309 1871 qood
339 1809 406 1853 euno
416 1784 447 1874 ⁴)
479 1790 629 1870 promeret
660 1792 825 1873 oportebit,
855 1790 891 1854 od
923 1798 958 1853 tr.
988 1791 1026 1872 pf.
1055 1791 1260 1873 promomine,
1289 1795 1327 1855 its
1358 1796 1420 1861 utet

228 1895 297 1939 euni
320 1875 357 1939 od
379 1895 442 1940 eos.
465 1894 509 1958 pr.
533 1876 599 1941 orb.
623 1896 749 1959 eumque
771 1878 840 1959 quei
869 1879 947 1940 inter
969 1879 1145 1959 peregrinos
1167 1880 1214 1941 ios
1236 1879 1353 1959 deicet,
1374 1885 1420 1947 sei

227 1968 290 2026 tunr
312 1962 424 2027 Rornae
447 1970 538 2042 esset,
561 1962 587 2025 h.
612 1963 630 2026 i.
653 1964 805 2046 promeret
828 1972 988 2046 oporteret.

334 2062 421 2141 Quod
451 2085 629 2149 quemquern
653 2068 681 2131 b.
704 2068 722 2130 t.
745 2067 896 2149 profiterei
925 2069 1090 2152 oportebit,
1119 2070 1145 2132 is
1166 2068 1242 2150 sprrd
1272 2089 1360 2151 quern
1374 2062 1419 2134 ¹es

229 2151 377 2236 professio
404 2152 455 2216 fiet
484 2155 608 2235 eiusque
619 2149 651 2238 ⁶)
681 2152 866 2259 profitebitur
893 2174 1018 2234 nomen,
1046 2163 1078 2218 et
1099 2174 1135 2218 ee
1158 2174 1236 2239 quoe
1263 2157 1422 2237 professos

229 2396 337 2468 eoois,
359 2414 429 2469 pose
451 2414 529 2468 eon,
551 2397 623 2455 eoios
647 2397 755 2468 negotio
778 2400 896 2469 eorobit,
918 2400 939 2457 si
961 2400 1060 2457 booree
1082 2408 1168 2471 esset,
1191 2400 1242 2457 beo
1265 2401 1328 2475 tepe
1350 2416 1420 2477 poo-

231 2483 300 2543 tort
322 2491 481 2559 oporteret,
504 2483 566 2541 iteor
589 2484 736 2557 iisdeorpoe
759 2486 852 2544 diebos
877 2486 911 2542 od
934 2487 1070 2544 eooeotern
1093 2489 1241 2562 promotor.

338 2570 421 2639 Qrero
444 2573 495 2628 bre
516 2573 579 2643 tepe
601 2571 635 2627 od
658 2571 792 2628 ooosoiero
817 2572 936 2647 profiteri
960 2573 1106 2648 oportebit,
1129 2575 1152 2630 si
1174 2576 1195 2631 ie
1217 2574 1340 2650 pnpttur,
1363 2577 1419 2633 sire

231 2674 264 2715 es
287 2658 386 2733 popitis
409 2658 470 2727 erit,
493 2663 548 2714 tsrn
571 2657 615 2730 poi
637 2657 693 2714 eins
715 2658 805 2732 prpitii
827 2660 978 2733 popifteere
1001 2665 1075 2717 totor
1097 2660 1163 2731 erit,
1185 2662 1249 2718 itero
1271 2664 1421 2736 esdonqoe

232 2745 333 2813 onorio,
355 2744 381 2802 io
404 2743 497 2803 ibren
520 2744 614 2801 diebus
638 2744 670 2800 sd
693 2747 829 2802 eonsoteor
851 2747 1003 2820 profitetor,
1025 2747 1070 2817 ito,
1093 2749 1130 2804 oti
1152 2755 1180 2804 et
1206 2766 1284 2823 qooe,
1307 2751 1422 2823 pribes-

231 2847 284 2905 qoe
307 2829 410 2902 diebos,
432 2842 617 2901 eooeserre,
635 2829 661 2913 Ιεἰ
684 2833 797 2906 popittos
819 2833 953 2907 propitiare
976 2849 1029 2891 nos
1053 2841 1135 2905 esset,
1157 2836 1206 2891 trse
1220 2838 1284 2911 tege
1299 2836 1421 2910 profiteri

231 2923 382 2991 oporteret
829 2922 831 2929 '

335 3003 365 3061 Si
387 3005 498 3075 eoosot,
527 3004 560 3062 od
583 3008 661 3079 poesi
683 3006 734 3062 beo
756 3006 821 3077 teps
847 3007 1030 3080 professiones
1060 3008 1117 3066 iteri
1138 3009 1292 3082 oportebit,
1321 3010 1423 3068 itone

230 3106 286 3149 oon
308 3091 376 3161 erit,
401 3096 456 3147 torn
478 3091 520 3162 is,
542 3108 620 3164 poert
643 3092 763 3166 profiteri
785 3094 932 3167 oportebit,
954 3094 1026 3166 qood
1046 3108 1108 3155 nuo
1129 3096 1251 3170 promeri
1273 3098 1423 3171 oportebit,

230 3177 265 3236 sd
288 3185 443 3253 prsetorero
466 3180 613 3248 orbem,
643 3185 708 3250 oet,
728 3178 750 3235 si
772 3178 794 3234 is
816 3178 914 3239 monos
945 3196 998 3236 noo
1021 3182 1086 3253 erit,
1119 3183 1152 3237 od
1175 3200 1234 3240 eonr
1256 3188 1421 3261 prosternor,

231 3264 276 3338 qui
298 3264 367 3321 ieter
390 3264 549 3338 peregrinos
571 3265 612 3321 ios
636 3265 728 3343 diest,
753 3260 911 3340 profitetor,
940 3266 994 3337 its,
1024 3267 1061 3323 oti
1084 3285 1143 3325 eoos
1166 3269 1199 3324 sd
1223 3271 1422 3340 eonrotero,si

229 3354 286 3406 tom
308 3350 407 3411 morose
429 3357 519 3422 esset,
549 3351 598 3408 hee
619 3352 683 3423 iege
712 3352 833 3426 profiteri
862 3358 1011 3426 oporteret.
1055 3354 1084 3411 si
1107 3371 1142 3412 ex
1165 3355 1195 3411 iis
1218 3357 1369 3415 eonsoiibss
1393 3364 1422 3414 et

229 3438 418 3512 prseteritos,
448 3438 482 3493 od
504 3453 572 3511 pros
594 3439 645 3494 boe
666 3438 730 3510 ispo
758 3440 940 3513 professiooes
963 3440 1020 3498 iteri
1042 3443 1195 3516 oportebit,
1225 3458 1304 3500 serso
1327 3460 1422 3502 eoroor
1455 3506 1458 3511 Α

230 3525 333 3581 bomne
354 3523 423 3594 erit,
447 3529 501 3579 toro
523 3523 561 3595 is,
592 3540 670 3598 quen
698 3525 818 3599 profiteri
845 3526 984 3600 oportebit
1006 3529 1078 3600 qood
1101 3545 1160 3586 eorn
1189 3530 1309 3603 promeri
1332 3547 1420 3604 opor-

231 3610 318 3681 tebit,
348 3611 382 3667 sd
405 3609 537 3668 tribooooo
557 3612 651 3686 piebis
673 3613 831 3686 promotor,
860 3613 896 3670 its
919 3613 956 3671 oti
984 3630 1044 3672 eoos
1067 3614 1100 3671 ed
1123 3617 1276 3687 eonsotern,
1305 3625 1420 3692 prsete-

230 3713 289 3754 osor
311 3696 448 3766 orbem
470 3713 564 3754 eorsre
587 3696 631 3770 poi
654 3698 723 3756 inter
741 3699 903 3777 porspn'oor
925 3700 964 3756 ios
987 3701 1076 3771 diest,
1096 3702 1119 3759 si
1140 3709 1195 3761 toro
1217 3702 1317 3761 iterra
1339 3711 1420 3774 esset,

230 3783 283 3840 isse
302 3780 367 3856 ispe
389 3784 509 3859 profteri
531 3791 679 3858 oporteret.

292 3924 294 3928 .
337 3870 415 3938 Orod
438 3887 595 3944 peeorpoeor
625 3873 677 3929 troo
698 3873 762 3946 ispe
790 3873 913 3955 profiteri
941 3874 1095 3948 oportebit,
1125 3876 1164 3947 is,
1192 3876 1263 3950 epod
1285 3894 1366 3950 poen
1388 3896 1420 3935 ss

231 3958 366 4032 professio
388 3958 436 4016 bet
457 3948 523 4038 (et)
546 3958 619 4030 eios,
649 3960 694 4032 poi
715 3960 901 4033 promotior,
931 3977 1046 4033 nom,
1068 3969 1097 4020 et
1118 3979 1167 4036 ee,
1190 3979 1260 4035 poso
1280 3965 1420 4037 professos

335 4186 366 4253 t)
383 4189 497 4256 oportebit
514 4189 599 4243 ubete
618 4198 644 4243 et
661 4206 748 4244 orsoes
766 4190 891 4258 editores,
915 4192 960 4245 sert
980 4192 1046 4245 beuti
1066 4192 1142 4246 dubio
1166 4195 1281 4251 erobore
1297 4195 1420 4249 indirecto

231 4257 416 4313 esoioootiroor
434 4257 573 4324 fspitsote,
591 4260 769 4323 corripendum
787 4276 844 4314 esse
861 4264 898 4315 in:
916 4270 1037 4331 oporteret
1053 4262 1223 4321 demonstrent
1238 4267 1355 4331 prosiroe
1376 4282 1420 4318 se-

232 4335 338 4396 rpoeotes
355 4340 451 4380 versos.
469 4328 562 4382 tiores.
582 4355 612 4366 -
638 4327 806 4399 strepuere
825 4349 895 4399 puers
913 4332 936 4384 b.
954 4332 973 4383 i.
987 4333 1166 4399 mnodo·
1183 4333 1421 4387 communitorios.
1472 4320 1485 4349 ’

232 4421 261 4434 -
289 4397 320 4461 31
337 4398 386 4449 Pro
410 4406 433 4449 et
450 4400 639 4450 neeoeeesssrio
663 4399 780 4451 bisrezoii
805 4400 983 4453 emendaturos
999 4409 1051 4454 ests
1068 4403 1105 4453 uti
1122 4410 1151 4455 et.
1178 4427 1209 4440 -··
1233 4397 1263 4461 di
1281 4402 1419 4457 ifsittsire:

231 4483 286 4518 orso
303 4482 366 4528 euro,
383 4467 450 4535 qood
469 4470 521 4535 ipse
539 4470 644 4536 corripit
661 4486 714 4521 eros
731 4478 793 4532 ωας
818 4466 973 4522 Cooredios:
990 4488 1045 4523 orso
1062 4488 1122 4524 osso.
1153 4469 1203 4525 seo
1221 4470 1307 4524 tsirois
1325 4488 1419 4525 sem·

232 4535 291 4617 deor
309 4534 484 4618 Gottiiopiorn:
502 4554 555 4589 orso
573 4538 686 4603 sinptire
706 4541 768 4590 viee.
788 4566 816 4575 -
840 4536 869 4637 di·
887 4538 1004 4594 idererott
1023 4542 1139 4593 coniicit:
1158 4542 1254 4611 eisque
1270 4542 1326 4608 porei
1344 4541 1386 4594 rei
1397 4549 1420 4593 et
1534 4562 1535 4581 r

232 4618 361 4674 ”W
