<?xml version="1.0" encoding="UTF-8"?>
<!DOCTYPE html PUBLIC "-//W3C//DTD XHTML 1.0 Transitional//EN"
    "http://www.w3.org/TR/xhtml1/DTD/xhtml1-transitional.dtd">
<html xmlns="http://www.w3.org/1999/xhtml" xml:lang="en" lang="en">
 <head>
  <title>
</title>
<meta http-equiv="Content-Type" content="text/html;charset=utf-8" />
  <meta name='ocr-system' content='tesseract 3.04.00' />
  <meta name='ocr-capabilities' content='ocr_page ocr_carea ocr_par ocr_line ocrx_word'/>
</head>
<body>
  <div class='ocr_page' id='page_1' title='image "./handbuchderrmis01zellgoog_0310.png"; bbox 0 0 3106 5122; ppageno 0'>
   <div class='ocr_carea' id='block_1_1' title="bbox 180 370 1036 445">
    <p class='ocr_par' dir='ltr' id='par_1_1' title="bbox 180 370 1036 445">
     <span class='ocr_line' id='line_1_1' title="bbox 180 370 1036 445; baseline 0.001 -17"><span class='ocrx_word' id='word_1_1' title='bbox 180 370 244 436; x_wconf 81' lang='grc'><strong>804</strong></span> <span class='ocrx_word' id='word_1_2' title='bbox 510 373 589 431; x_wconf 83' lang='lat' dir='ltr'><strong>luscr.</strong></span> <span class='ocrx_word' id='word_1_3' title='bbox 606 374 736 444; x_wconf 77' lang='lat' dir='ltr'><strong>profanae</strong></span> <span class='ocrx_word' id='word_1_4' title='bbox 771 373 833 445; x_wconf 74' lang='lat' dir='ltr'><strong>unp.</strong></span> <span class='ocrx_word' id='word_1_5' title='bbox 852 374 882 430; x_wconf 93' lang='lat' dir='ltr'><strong>ll.</strong></span> <span class='ocrx_word' id='word_1_6' title='bbox 917 374 1036 429; x_wconf 76' lang='lat' dir='ltr'><strong>nauatae.</strong></span> 
     </span>
    </p>
   </div>
   <div class='ocr_carea' id='block_1_2' title="bbox 177 528 1368 962">
    <p class='ocr_par' dir='ltr' id='par_1_2' title="bbox 177 528 1368 962">
     <span class='ocr_line' id='line_1_2' title="bbox 181 528 1368 616; baseline 0.003 -24"><span class='ocrx_word' id='word_1_7' title='bbox 181 534 249 594; x_wconf 90' lang='lat' dir='ltr'><strong>tunc</strong></span> <span class='ocrx_word' id='word_1_8' title='bbox 271 528 412 613; x_wconf 81' lang='lat' dir='ltr'>deinceps</span> <span class='ocrx_word' id='word_1_9' title='bbox 434 533 561 612; x_wconf 81' lang='lat' dir='ltr'><strong>pmxirai</strong></span> <span class='ocrx_word' id='word_1_10' title='bbox 583 533 725 614; x_wconf 88' lang='lat' dir='ltr'><strong>cuiusque</strong></span> <span class='ocrx_word' id='word_1_11' title='bbox 747 532 880 616; x_wconf 78' lang='lat' dir='ltr'><strong>collegii,</strong></span> <span class='ocrx_word' id='word_1_12' title='bbox 903 534 952 615; x_wconf 89' lang='lat' dir='ltr'><strong>qui</strong></span> <span class='ocrx_word' id='word_1_13' title='bbox 974 539 1129 615; x_wconf 87' lang='lat' dir='ltr'><strong>praetores</strong></span> <span class='ocrx_word' id='word_1_14' title='bbox 1150 531 1285 613; x_wconf 84' lang='lat' dir='ltr'><strong>luissent,</strong></span> <span class='ocrx_word' id='word_1_15' title='bbox 1306 552 1368 597; x_wconf 88' lang='lat' dir='ltr'><strong>nc-</strong></span> 
     </span>
     <span class='ocr_line' id='line_1_3' title="bbox 180 618 1368 701; baseline 0.005 -23"><span class='ocrx_word' id='word_1_16' title='bbox 180 634 239 698; x_wconf 89' lang='lat' dir='ltr'><strong>qua</strong></span> <span class='ocrx_word' id='word_1_17' title='bbox 260 618 288 680; x_wconf 92' lang='lat' dir='ltr'><strong>in</strong></span> <span class='ocrx_word' id='word_1_18' title='bbox 311 620 477 698; x_wconf 79' lang='lat' dir='ltr'><strong>provincias</strong></span> <span class='ocrx_word' id='word_1_19' title='bbox 498 619 623 701; x_wconf 86' lang='lat' dir='ltr'><strong>proiecti</strong></span> <span class='ocrx_word' id='word_1_20' title='bbox 645 626 763 698; x_wconf 87' lang='lat' dir='ltr'><strong>esseut,</strong></span> <span class='ocrx_word' id='word_1_21' title='bbox 793 621 822 682; x_wconf 90' lang='lat' dir='ltr'><strong>in</strong></span> <span class='ocrx_word' id='word_1_22' title='bbox 845 627 956 683; x_wconf 86' lang='lat' dir='ltr'><strong>sortem</strong></span> <span class='ocrx_word' id='word_1_23' title='bbox 979 621 1183 699; x_wconf 83' lang='lat' dir='ltr'><strong>soluerentur,</strong></span> <span class='ocrx_word' id='word_1_24' title='bbox 1213 620 1309 701; x_wconf 91' lang='lat' dir='ltr'><strong>quoad</strong></span> <span class='ocrx_word' id='word_1_25' title='bbox 1339 622 1368 685; x_wconf 84' lang='lat' dir='ltr'><strong>is</strong></span> 
     </span>
     <span class='ocr_line' id='line_1_4' title="bbox 179 703 1368 788; baseline 0.004 -22"><span class='ocrx_word' id='word_1_26' title='bbox 179 720 320 766; x_wconf 79' lang='lat' dir='ltr'><strong>numerus</strong></span> <span class='ocrx_word' id='word_1_27' title='bbox 342 703 466 768; x_wconf 79' lang='lat' dir='ltr'><strong>allectus</strong></span> <span class='ocrx_word' id='word_1_28' title='bbox 489 714 579 784; x_wconf 87' lang='lat' dir='ltr'><strong>esset,</strong></span> <span class='ocrx_word' id='word_1_29' title='bbox 601 722 689 787; x_wconf 87' lang='lat' dir='ltr'><strong>qnenr</strong></span> <span class='ocrx_word' id='word_1_30' title='bbox 711 705 747 768; x_wconf 89' lang='lat' dir='ltr'><strong>ad</strong></span> <span class='ocrx_word' id='word_1_31' title='bbox 770 722 923 769; x_wconf 89' lang='lat' dir='ltr'><strong>numerum</strong></span> <span class='ocrx_word' id='word_1_32' title='bbox 945 706 975 768; x_wconf 91' lang='lat' dir='ltr'><strong>in</strong></span> <span class='ocrx_word' id='word_1_33' title='bbox 997 708 1164 788; x_wconf 73' lang='lat' dir='ltr'><strong>morineias</strong></span> <span class='ocrx_word' id='word_1_34' title='bbox 1182 708 1254 769; x_wconf 87' lang='lat' dir='ltr'><strong>mitti</strong></span> <span class='ocrx_word' id='word_1_35' title='bbox 1270 724 1368 788; x_wconf 92' lang='lat' dir='ltr'><strong>opor-</strong></span> 
     </span>
     <span class='ocr_line' id='line_1_5' title="bbox 178 791 1367 875; baseline 0.004 -22"><span class='ocrx_word' id='word_1_36' title='bbox 178 796 263 853; x_wconf 85' lang='lat' dir='ltr'><strong>teret.</strong></span> <span class='ocrx_word' id='word_1_37' title='bbox 296 791 326 853; x_wconf 86' lang='lat' dir='ltr'><strong>si</strong></span> <span class='ocrx_word' id='word_1_38' title='bbox 349 792 414 871; x_wconf 90' lang='lat' dir='ltr'><strong>quis</strong></span> <span class='ocrx_word' id='word_1_39' title='bbox 436 792 501 855; x_wconf 90' lang='lat' dir='ltr'><strong>buic</strong></span> <span class='ocrx_word' id='word_1_40' title='bbox 524 810 548 856; x_wconf 93' lang='lat' dir='ltr'><strong>s.</strong></span> <span class='ocrx_word' id='word_1_41' title='bbox 572 812 598 855; x_wconf 89' lang='lat' dir='ltr'><strong>c.</strong></span> <span class='ocrx_word' id='word_1_42' title='bbox 621 794 850 872; x_wconf 72' lang='lat' dir='ltr'><strong>intercessisset,</strong></span> <span class='ocrx_word' id='word_1_43' title='bbox 872 794 1033 856; x_wconf 86' lang='lat' dir='ltr'><strong>auctoritas</strong></span> <span class='ocrx_word' id='word_1_44' title='bbox 1054 793 1298 875; x_wconf 74' lang='lat' dir='ltr'><strong>perscriberetur.</strong></span> <span class='ocrx_word' id='word_1_45' title='bbox 1322 827 1367 840; x_wconf 91' lang='grc'><strong>-</strong></span> 
     </span>
     <span class='ocr_line' id='line_1_6' title="bbox 177 876 1115 962; baseline 0.003 -23"><span class='ocrx_word' id='word_1_46' title='bbox 177 876 252 940; x_wconf 90' lang='lat' dir='ltr'><strong>iiuic</strong></span> <span class='ocrx_word' id='word_1_47' title='bbox 273 896 297 942; x_wconf 92' lang='lat' dir='ltr'><strong>s.</strong></span> <span class='ocrx_word' id='word_1_48' title='bbox 319 895 345 941; x_wconf 88' lang='lat' dir='ltr'><strong>c.</strong></span> <span class='ocrx_word' id='word_1_49' title='bbox 368 877 535 942; x_wconf 71' lang='lat' dir='ltr'><strong>intercessit</strong></span> <span class='ocrx_word' id='word_1_50' title='bbox 557 878 589 941; x_wconf 83' lang='lat'><strong>0.</strong></span> <span class='ocrx_word' id='word_1_51' title='bbox 613 878 741 958; x_wconf 84' lang='lat' dir='ltr'><strong>Coelius,</strong></span> <span class='ocrx_word' id='word_1_52' title='bbox 765 879 796 943; x_wconf 86' lang='lat' dir='ltr'><strong>G.</strong></span> <span class='ocrx_word' id='word_1_53' title='bbox 819 879 923 959; x_wconf 89' lang='lat' dir='ltr'><strong>Pansa,</strong></span> <span class='ocrx_word' id='word_1_54' title='bbox 946 879 1054 943; x_wconf 88' lang='lat' dir='ltr'><strong>tribuni</strong></span> <span class='ocrx_word' id='word_1_55' title='bbox 1076 880 1115 962; x_wconf 92' lang='lat' dir='ltr'><strong>pl.</strong></span> 
     </span>
    </p>
   </div>
   <div class='ocr_carea' id='block_1_3' title="bbox 420 1086 1130 1157">
    <p class='ocr_par' dir='ltr' id='par_1_3' title="bbox 420 1086 1130 1157">
     <span class='ocr_line' id='line_1_7' title="bbox 420 1086 1130 1157; baseline -0.001 -15"><span class='ocrx_word' id='word_1_56' title='bbox 420 1086 765 1142; x_wconf 76' lang='lat' dir='ltr'><strong>senatusconsultum</strong></span> <span class='ocrx_word' id='word_1_57' title='bbox 784 1088 1130 1157; x_wconf 73' lang='lat' dir='ltr'><strong>demaneeAuqusto.</strong></span> 
     </span>
    </p>
   </div>
   <div class='ocr_carea' id='block_1_4' title="bbox 176 1248 1366 1499">
    <p class='ocr_par' dir='ltr' id='par_1_4' title="bbox 176 1248 1366 1499">
     <span class='ocr_line' id='line_1_8' title="bbox 287 1248 1366 1326; baseline 0.001 -20"><span class='ocrx_word' id='word_1_58' title='bbox 287 1248 377 1307; x_wconf 75' lang='lat' dir='ltr'><strong>tuor.</strong></span> <span class='ocrx_word' id='word_1_59' title='bbox 422 1250 569 1307; x_wconf 70' lang='lat' dir='ltr'><strong>Macrobius</strong></span> <span class='ocrx_word' id='word_1_60' title='bbox 592 1251 697 1307; x_wconf 86' lang='lat' dir='ltr'><strong>Satura.</strong></span> <span class='ocrx_word' id='word_1_61' title='bbox 719 1250 741 1320; x_wconf 93' lang='lat' dir='ltr'><strong>l,</strong></span> <span class='ocrx_word' id='word_1_62' title='bbox 760 1249 797 1306; x_wconf 79' lang='lat'><strong>12</strong></span> <span class='ocrx_word' id='word_1_63' title='bbox 814 1250 940 1323; x_wconf 83' lang='lat' dir='ltr'><strong>servavit,</strong></span> <span class='ocrx_word' id='word_1_64' title='bbox 963 1268 1110 1324; x_wconf 88' lang='lat' dir='ltr'><strong>quanquam</strong></span> <span class='ocrx_word' id='word_1_65' title='bbox 1127 1249 1266 1308; x_wconf 84' lang='lat' dir='ltr'><strong>exordium</strong></span> <span class='ocrx_word' id='word_1_66' title='bbox 1281 1267 1366 1326; x_wconf 88' lang='lat' dir='ltr'><strong>prae-</strong></span> 
     </span>
     <span class='ocr_line' id='line_1_9' title="bbox 182 1334 1366 1409; baseline -0.001 -14"><span class='ocrx_word' id='word_1_67' title='bbox 182 1334 337 1395; x_wconf 86' lang='lat' dir='ltr'><strong>termittens.</strong></span> <span class='ocrx_word' id='word_1_68' title='bbox 359 1338 466 1395; x_wconf 81' lang='lat' dir='ltr'><strong>Factum</strong></span> <span class='ocrx_word' id='word_1_69' title='bbox 489 1344 532 1394; x_wconf 88' lang='lat' dir='ltr'><strong>eat</strong></span> <span class='ocrx_word' id='word_1_70' title='bbox 553 1345 659 1394; x_wconf 87' lang='lat' dir='ltr'><strong>senatus</strong></span> <span class='ocrx_word' id='word_1_71' title='bbox 681 1339 845 1409; x_wconf 74' lang='lat' dir='ltr'><strong>contuitum,</strong></span> <span class='ocrx_word' id='word_1_72' title='bbox 868 1343 896 1394; x_wconf 94' lang='lat' dir='ltr'><strong>ut</strong></span> <span class='ocrx_word' id='word_1_73' title='bbox 919 1355 934 1394; x_wconf 90' lang='lat' dir='ltr'><strong>e</strong></span> <span class='ocrx_word' id='word_1_74' title='bbox 957 1337 1042 1394; x_wconf 83' lang='lat' dir='ltr'><strong>bione</strong></span> <span class='ocrx_word' id='word_1_75' title='bbox 1064 1338 1154 1395; x_wconf 75' lang='lat' dir='ltr'><strong>Cassio</strong></span> <span class='ocrx_word' id='word_1_76' title='bbox 1177 1336 1230 1408; x_wconf 84' lang='lat' dir='ltr'><strong>bii,</strong></span> <span class='ocrx_word' id='word_1_77' title='bbox 1253 1338 1271 1392; x_wconf 90' lang='grc'><strong>6</strong></span> <span class='ocrx_word' id='word_1_78' title='bbox 1294 1355 1366 1394; x_wconf 89' lang='lat' dir='ltr'><strong>coa-</strong></span> 
     </span>
     <span class='ocr_line' id='line_1_10' title="bbox 176 1423 1365 1499; baseline 0 -17"><span class='ocrx_word' id='word_1_79' title='bbox 176 1432 239 1497; x_wconf 91' lang='lat' dir='ltr'><strong>stat,</strong></span> <span class='ocrx_word' id='word_1_80' title='bbox 262 1442 330 1482; x_wconf 88' lang='lat' dir='ltr'><strong>anno</strong></span> <span class='ocrx_word' id='word_1_81' title='bbox 354 1441 378 1481; x_wconf 94' lang='lat' dir='ltr'><strong>u.</strong></span> <span class='ocrx_word' id='word_1_82' title='bbox 401 1442 424 1481; x_wconf 91' lang='lat' dir='ltr'><strong>c.</strong></span> <span class='ocrx_word' id='word_1_83' title='bbox 449 1424 519 1481; x_wconf 83' lang='grc'><strong>745.</strong></span> <span class='ocrx_word' id='word_1_84' title='bbox 552 1423 624 1481; x_wconf 89' lang='lat' dir='ltr'><strong>lnest</strong></span> <span class='ocrx_word' id='word_1_85' title='bbox 645 1424 714 1480; x_wconf 91' lang='lat' dir='ltr'><strong>libro</strong></span> <span class='ocrx_word' id='word_1_86' title='bbox 737 1441 844 1499; x_wconf 86' lang='lat' dir='ltr'><strong>quoque</strong></span> <span class='ocrx_word' id='word_1_87' title='bbox 867 1424 969 1497; x_wconf 77' lang='lat' dir='ltr'><strong>liggerl</strong></span> <span class='ocrx_word' id='word_1_88' title='bbox 989 1424 1044 1481; x_wconf 83' lang='lat' dir='ltr'><strong>Lat.</strong></span> <span class='ocrx_word' id='word_1_89' title='bbox 1065 1442 1143 1482; x_wconf 86' lang='lat' dir='ltr'><strong>sarm.</strong></span> <span class='ocrx_word' id='word_1_90' title='bbox 1159 1424 1233 1497; x_wconf 84' lang='lat' dir='ltr'><strong>reliq.</strong></span> <span class='ocrx_word' id='word_1_91' title='bbox 1250 1442 1276 1499; x_wconf 91' lang='lat' dir='ltr'><strong>p.</strong></span> <span class='ocrx_word' id='word_1_92' title='bbox 1292 1423 1365 1482; x_wconf 81' lang='lat'><strong>³33.</strong></span> 
     </span>
    </p>
   </div>
   <div class='ocr_carea' id='block_1_5' title="bbox 179 1540 1368 2147">
    <p class='ocr_par' dir='ltr' id='par_1_5' title="bbox 179 1540 1368 2147">
     <span class='ocr_line' id='line_1_11' title="bbox 282 1540 1366 1643; baseline -0.001 -38"><span class='ocrx_word' id='word_1_93' title='bbox 282 1542 355 1605; x_wconf 82' lang='lat' dir='ltr'><strong>Cum</strong></span> <span class='ocrx_word' id='word_1_94' title='bbox 378 1542 537 1643; x_wconf 83' lang='lat' dir='ltr'><strong>imperator</strong></span> <span class='ocrx_word' id='word_1_95' title='bbox 559 1540 668 1605; x_wconf 76' lang='lat' dir='ltr'><strong>Caesio</strong></span> <span class='ocrx_word' id='word_1_96' title='bbox 683 1540 836 1625; x_wconf 80' lang='lat' dir='ltr'><strong>Augustus</strong></span> <span class='ocrx_word' id='word_1_97' title='bbox 853 1559 954 1604; x_wconf 90' lang='lat' dir='ltr'><strong>mense</strong></span> <span class='ocrx_word' id='word_1_98' title='bbox 970 1541 1083 1620; x_wconf 86' lang='lat' dir='ltr'><strong>Sextili,</strong></span> <span class='ocrx_word' id='word_1_99' title='bbox 1106 1549 1135 1604; x_wconf 87' lang='lat' dir='ltr'><strong>et</strong></span> <span class='ocrx_word' id='word_1_100' title='bbox 1149 1541 1272 1623; x_wconf 87' lang='lat' dir='ltr'><strong>primurn</strong></span> <span class='ocrx_word' id='word_1_101' title='bbox 1286 1559 1366 1607; x_wconf 90' lang='lat' dir='ltr'><strong>con·</strong></span> 
     </span>
     <span class='ocr_line' id='line_1_12' title="bbox 179 1628 1366 1710; baseline -0.003 -16"><span class='ocrx_word' id='word_1_102' title='bbox 179 1629 304 1695; x_wconf 74' lang='lat' dir='ltr'><strong>suatum</strong></span> <span class='ocrx_word' id='word_1_103' title='bbox 326 1629 440 1706; x_wconf 90' lang='lat' dir='ltr'><strong>inierit,</strong></span> <span class='ocrx_word' id='word_1_104' title='bbox 463 1635 493 1690; x_wconf 90' lang='lat' dir='ltr'><strong>ct</strong></span> <span class='ocrx_word' id='word_1_105' title='bbox 514 1628 675 1710; x_wconf 86' lang='lat' dir='ltr'><strong>triurnpbus</strong></span> <span class='ocrx_word' id='word_1_106' title='bbox 698 1636 760 1693; x_wconf 87' lang='lat' dir='ltr'><strong>tres</strong></span> <span class='ocrx_word' id='word_1_107' title='bbox 782 1629 811 1693; x_wconf 89' lang='lat' dir='ltr'><strong>in</strong></span> <span class='ocrx_word' id='word_1_108' title='bbox 834 1629 938 1692; x_wconf 90' lang='lat' dir='ltr'><strong>urbem</strong></span> <span class='ocrx_word' id='word_1_109' title='bbox 958 1628 1103 1707; x_wconf 87' lang='lat' dir='ltr'><strong>intulerit,</strong></span> <span class='ocrx_word' id='word_1_110' title='bbox 1125 1636 1156 1692; x_wconf 89' lang='lat' dir='ltr'><strong>et</strong></span> <span class='ocrx_word' id='word_1_111' title='bbox 1176 1646 1216 1691; x_wconf 82' lang='lat' dir='ltr'><strong>ex</strong></span> <span class='ocrx_word' id='word_1_112' title='bbox 1237 1628 1366 1691; x_wconf 89' lang='lat' dir='ltr'><strong>laniculo</strong></span> 
     </span>
     <span class='ocr_line' id='line_1_13' title="bbox 183 1712 1368 1814; baseline -0.003 -35"><span class='ocrx_word' id='word_1_113' title='bbox 183 1716 319 1801; x_wconf 83' lang='lat' dir='ltr'><strong>legiones</strong></span> <span class='ocrx_word' id='word_1_114' title='bbox 341 1712 495 1794; x_wconf 87' lang='lat' dir='ltr'><strong>deductae,</strong></span> <span class='ocrx_word' id='word_1_115' title='bbox 518 1723 698 1797; x_wconf 78' lang='lat' dir='ltr'><strong>secutusque</strong></span> <span class='ocrx_word' id='word_1_116' title='bbox 713 1715 772 1779; x_wconf 89' lang='lat' dir='ltr'><strong>siut</strong></span> <span class='ocrx_word' id='word_1_117' title='bbox 785 1715 852 1779; x_wconf 89' lang='lat' dir='ltr'><strong>eius</strong></span> <span class='ocrx_word' id='word_1_118' title='bbox 868 1715 997 1814; x_wconf 88' lang='lat' dir='ltr'><strong>auspicia</strong></span> <span class='ocrx_word' id='word_1_119' title='bbox 1011 1734 1047 1779; x_wconf 87' lang='lat' dir='ltr'><strong>ac</strong></span> <span class='ocrx_word' id='word_1_120' title='bbox 1062 1715 1165 1790; x_wconf 82' lang='lat' dir='ltr'><strong>ildem3</strong></span> <span class='ocrx_word' id='word_1_121' title='bbox 1187 1721 1217 1776; x_wconf 90' lang='lat' dir='ltr'><strong>et</strong></span> <span class='ocrx_word' id='word_1_122' title='bbox 1237 1713 1368 1799; x_wconf 74' lang='lat' dir='ltr'><strong>Acgyp-</strong></span> 
     </span>
     <span class='ocr_line' id='line_1_14' title="bbox 180 1800 1367 1884; baseline 0 -19"><span class='ocrx_word' id='word_1_123' title='bbox 180 1809 226 1867; x_wconf 88' lang='lat' dir='ltr'><strong>tus</strong></span> <span class='ocrx_word' id='word_1_124' title='bbox 249 1803 305 1867; x_wconf 88' lang='lat' dir='ltr'><strong>boc</strong></span> <span class='ocrx_word' id='word_1_125' title='bbox 327 1821 429 1865; x_wconf 90' lang='lat' dir='ltr'><strong>mense</strong></span> <span class='ocrx_word' id='word_1_126' title='bbox 451 1803 479 1865; x_wconf 90' lang='lat' dir='ltr'><strong>in</strong></span> <span class='ocrx_word' id='word_1_127' title='bbox 503 1809 677 1883; x_wconf 88' lang='lat' dir='ltr'><strong>potestatem</strong></span> <span class='ocrx_word' id='word_1_128' title='bbox 701 1801 799 1884; x_wconf 90' lang='lat' dir='ltr'><strong>popuii</strong></span> <span class='ocrx_word' id='word_1_129' title='bbox 821 1802 932 1865; x_wconf 88' lang='lat' dir='ltr'><strong>romani</strong></span> <span class='ocrx_word' id='word_1_130' title='bbox 954 1800 1076 1866; x_wconf 87' lang='lat' dir='ltr'><strong>redacta</strong></span> <span class='ocrx_word' id='word_1_131' title='bbox 1090 1802 1144 1878; x_wconf 87' lang='lat' dir='ltr'><strong>sit;</strong></span> <span class='ocrx_word' id='word_1_132' title='bbox 1166 1800 1292 1884; x_wconf 70' lang='lat' dir='ltr'><strong>sinuque</strong></span> <span class='ocrx_word' id='word_1_133' title='bbox 1307 1802 1367 1865; x_wconf 92' lang='lat' dir='ltr'><strong>boc</strong></span> 
     </span>
     <span class='ocr_line' id='line_1_15' title="bbox 179 1886 1366 1971; baseline -0.003 -18"><span class='ocrx_word' id='word_1_134' title='bbox 179 1908 281 1953; x_wconf 89' lang='lat' dir='ltr'><strong>mense</strong></span> <span class='ocrx_word' id='word_1_135' title='bbox 304 1886 388 1951; x_wconf 87' lang='lat' dir='ltr'><strong>bellis</strong></span> <span class='ocrx_word' id='word_1_136' title='bbox 411 1889 542 1952; x_wconf 89' lang='lat' dir='ltr'><strong>civilibus</strong></span> <span class='ocrx_word' id='word_1_137' title='bbox 565 1890 718 1971; x_wconf 86' lang='lat' dir='ltr'><strong>impositus</strong></span> <span class='ocrx_word' id='word_1_138' title='bbox 740 1891 794 1963; x_wconf 89' lang='lat' dir='ltr'><strong>sit;</strong></span> <span class='ocrx_word' id='word_1_139' title='bbox 817 1895 905 1970; x_wconf 88' lang='lat' dir='ltr'><strong>atque</strong></span> <span class='ocrx_word' id='word_1_140' title='bbox 927 1889 965 1951; x_wconf 92' lang='lat' dir='ltr'><strong>ob</strong></span> <span class='ocrx_word' id='word_1_141' title='bbox 987 1887 1040 1952; x_wconf 90' lang='lat' dir='ltr'><strong>bas</strong></span> <span class='ocrx_word' id='word_1_142' title='bbox 1064 1906 1170 1952; x_wconf 88' lang='lat' dir='ltr'><strong>causas</strong></span> <span class='ocrx_word' id='word_1_143' title='bbox 1192 1887 1366 1952; x_wconf 87' lang='lat' dir='ltr'><strong>blemensis</strong></span> 
     </span>
     <span class='ocr_line' id='line_1_16' title="bbox 179 1972 1366 2058; baseline 0.001 -20"><span class='ocrx_word' id='word_1_144' title='bbox 179 1976 277 2040; x_wconf 87' lang='lat' dir='ltr'><strong>huic</strong></span> <span class='ocrx_word' id='word_1_145' title='bbox 268 1974 390 2056; x_wconf 85' lang='lat' dir='ltr'><strong>irnperio</strong></span> <span class='ocrx_word' id='word_1_146' title='bbox 413 1974 601 2041; x_wconf 82' lang='lat' dir='ltr'><strong>felicissimus</strong></span> <span class='ocrx_word' id='word_1_147' title='bbox 629 1976 667 2039; x_wconf 89' lang='lat' dir='ltr'><strong>sit</strong></span> <span class='ocrx_word' id='word_1_148' title='bbox 689 1994 724 2038; x_wconf 90' lang='lat' dir='ltr'><strong>ac</strong></span> <span class='ocrx_word' id='word_1_149' title='bbox 746 1974 852 2056; x_wconf 89' lang='lat' dir='ltr'><strong>luerit,</strong></span> <span class='ocrx_word' id='word_1_150' title='bbox 881 1972 1001 2058; x_wconf 86' lang='lat' dir='ltr'><strong>placere</strong></span> <span class='ocrx_word' id='word_1_151' title='bbox 1029 1975 1163 2056; x_wconf 89' lang='lat' dir='ltr'><strong>senatui,</strong></span> <span class='ocrx_word' id='word_1_152' title='bbox 1191 1982 1224 2038; x_wconf 94' lang='lat' dir='ltr'><strong>ut</strong></span> <span class='ocrx_word' id='word_1_153' title='bbox 1254 1975 1366 2041; x_wconf 84' lang='lat' dir='ltr'><strong>mensis</strong></span> 
     </span>
     <span class='ocr_line' id='line_1_17' title="bbox 179 2061 529 2147; baseline 0.003 -21"><span class='ocrx_word' id='word_1_154' title='bbox 179 2063 334 2147; x_wconf 80' lang='lat' dir='ltr'><strong>Augustus</strong></span> <span class='ocrx_word' id='word_1_155' title='bbox 357 2061 529 2144; x_wconf 78' lang='lat' dir='ltr'><strong>appelletur.</strong></span> 
     </span>
    </p>
   </div>
   <div class='ocr_carea' id='block_1_6' title="bbox 288 2269 1259 2339">
    <p class='ocr_par' dir='ltr' id='par_1_6' title="bbox 288 2269 1259 2339">
     <span class='ocr_line' id='line_1_18' title="bbox 288 2269 1259 2339; baseline 0 -16"><span class='ocrx_word' id='word_1_156' title='bbox 288 2269 428 2323; x_wconf 83' lang='lat' dir='ltr'><strong>Senatus</strong></span> <span class='ocrx_word' id='word_1_157' title='bbox 446 2269 599 2322; x_wconf 88' lang='lat' dir='ltr'><strong>consulta</strong></span> <span class='ocrx_word' id='word_1_158' title='bbox 616 2286 676 2323; x_wconf 85' lang='lat' dir='ltr'><strong>sax</strong></span> <span class='ocrx_word' id='word_1_159' title='bbox 692 2269 729 2322; x_wconf 92' lang='lat' dir='ltr'><strong>ad</strong></span> <span class='ocrx_word' id='word_1_160' title='bbox 748 2284 856 2323; x_wconf 83' lang='lat' dir='ltr'><strong>curam</strong></span> <span class='ocrx_word' id='word_1_161' title='bbox 872 2285 1029 2339; x_wconf 82' lang='lat' dir='ltr'><strong>aquarum</strong></span> <span class='ocrx_word' id='word_1_162' title='bbox 1046 2272 1259 2338; x_wconf 81' lang='lat' dir='ltr'><strong>pertinentia.</strong></span> 
     </span>
    </p>
   </div>
   <div class='ocr_carea' id='block_1_7' title="bbox 181 2430 1366 3377">
    <p class='ocr_par' dir='ltr' id='par_1_7' title="bbox 181 2430 1366 3377">
     <span class='ocr_line' id='line_1_19' title="bbox 285 2430 1365 2505; baseline 0.001 -19"><span class='ocrx_word' id='word_1_163' title='bbox 285 2430 375 2487; x_wconf 81' lang='lat'><strong>1702.</strong></span> <span class='ocrx_word' id='word_1_164' title='bbox 420 2430 492 2487; x_wconf 87' lang='lat' dir='ltr'><strong>llaec</strong></span> <span class='ocrx_word' id='word_1_165' title='bbox 514 2437 620 2489; x_wconf 78' lang='lat' dir='ltr'><strong>sanabis</strong></span> <span class='ocrx_word' id='word_1_166' title='bbox 641 2430 761 2489; x_wconf 85' lang='lat' dir='ltr'><strong>consulta</strong></span> <span class='ocrx_word' id='word_1_167' title='bbox 791 2430 909 2489; x_wconf 85' lang='lat' dir='ltr'><strong>Frontinl</strong></span> <span class='ocrx_word' id='word_1_168' title='bbox 939 2431 1130 2491; x_wconf 77' lang='lat' dir='ltr'><strong>conmentario</strong></span> <span class='ocrx_word' id='word_1_169' title='bbox 1152 2432 1187 2489; x_wconf 88' lang='lat' dir='ltr'><strong>de</strong></span> <span class='ocrx_word' id='word_1_170' title='bbox 1208 2430 1365 2505; x_wconf 81' lang='lat' dir='ltr'><strong>aquaeduc-</strong></span> 
     </span>
     <span class='ocr_line' id='line_1_20' title="bbox 181 2517 1366 2592; baseline -0.001 -16"><span class='ocrx_word' id='word_1_171' title='bbox 181 2520 249 2578; x_wconf 89' lang='lat' dir='ltr'><strong>tibus</strong></span> <span class='ocrx_word' id='word_1_172' title='bbox 270 2517 371 2575; x_wconf 82' lang='lat' dir='ltr'><strong>inclusa</strong></span> <span class='ocrx_word' id='word_1_173' title='bbox 393 2518 533 2588; x_wconf 80' lang='lat' dir='ltr'><strong>balentur,</strong></span> <span class='ocrx_word' id='word_1_174' title='bbox 556 2519 625 2575; x_wconf 92' lang='lat' dir='ltr'><strong>auda</strong></span> <span class='ocrx_word' id='word_1_175' title='bbox 639 2519 832 2592; x_wconf 80' lang='lat' dir='ltr'><strong>decerpserunt</strong></span> <span class='ocrx_word' id='word_1_176' title='bbox 845 2518 1020 2590; x_wconf 71' lang='lat' dir='ltr'><strong>Anqudluue,</strong></span> <span class='ocrx_word' id='word_1_177' title='bbox 1042 2519 1197 2592; x_wconf 79' lang='lat' dir='ltr'><strong>daimonias,</strong></span> <span class='ocrx_word' id='word_1_178' title='bbox 1219 2518 1366 2589; x_wconf 83' lang='lat' dir='ltr'><strong>Relnesiue,</strong></span> 
     </span>
     <span class='ocr_line' id='line_1_21' title="bbox 182 2603 1365 2678; baseline -0.003 -15"><span class='ocrx_word' id='word_1_179' title='bbox 182 2607 320 2676; x_wconf 66' lang='lat' dir='ltr'><strong>huntus,</strong></span> <span class='ocrx_word' id='word_1_180' title='bbox 350 2604 528 2674; x_wconf 83' lang='lat' dir='ltr'><strong>Terassonus,</strong></span> <span class='ocrx_word' id='word_1_181' title='bbox 558 2605 655 2663; x_wconf 89' lang='lat' dir='ltr'><strong>laudati</strong></span> <span class='ocrx_word' id='word_1_182' title='bbox 678 2605 710 2661; x_wconf 89' lang='lat' dir='ltr'><strong>ab</strong></span> <span class='ocrx_word' id='word_1_183' title='bbox 733 2603 892 2675; x_wconf 84' lang='lat' dir='ltr'><strong>llauboldo,</strong></span> <span class='ocrx_word' id='word_1_184' title='bbox 922 2606 966 2678; x_wconf 81' lang='lat' dir='ltr'><strong>qul</strong></span> <span class='ocrx_word' id='word_1_185' title='bbox 995 2605 1166 2664; x_wconf 85' lang='lat' dir='ltr'><strong>ilonameat&#39;n</strong></span> <span class='ocrx_word' id='word_1_186' title='bbox 1196 2605 1365 2677; x_wconf 75' lang='lat' dir='ltr'><strong>legalibusa</strong></span> 
     </span>
     <span class='ocr_line' id='line_1_22' title="bbox 181 2688 1365 2765; baseline -0.001 -16"><span class='ocrx_word' id='word_1_187' title='bbox 181 2711 211 2749; x_wconf 91' lang='lat' dir='ltr'><strong>sc</strong></span> <span class='ocrx_word' id='word_1_188' title='bbox 234 2691 310 2750; x_wconf 86' lang='lat' dir='ltr'><strong>editis</strong></span> <span class='ocrx_word' id='word_1_189' title='bbox 333 2692 425 2748; x_wconf 88' lang='lat' dir='ltr'><strong>eadem</strong></span> <span class='ocrx_word' id='word_1_190' title='bbox 448 2688 548 2748; x_wconf 87' lang='lat' dir='ltr'><strong>addidit</strong></span> <span class='ocrx_word' id='word_1_191' title='bbox 570 2709 596 2765; x_wconf 91' lang='lat' dir='ltr'><strong>p.</strong></span> <span class='ocrx_word' id='word_1_192' title='bbox 615 2690 686 2760; x_wconf 81' lang='lat'><strong>170,</strong></span> <span class='ocrx_word' id='word_1_193' title='bbox 707 2697 736 2748; x_wconf 91' lang='lat' dir='ltr'><strong>ut</strong></span> <span class='ocrx_word' id='word_1_194' title='bbox 758 2691 836 2747; x_wconf 89' lang='lat' dir='ltr'><strong>etlam</strong></span> <span class='ocrx_word' id='word_1_195' title='bbox 859 2692 960 2762; x_wconf 78' lang='lat' dir='ltr'><strong>Egger.</strong></span> <span class='ocrx_word' id='word_1_196' title='bbox 983 2692 1037 2750; x_wconf 83' lang='lat' dir='ltr'><strong>Lat.</strong></span> <span class='ocrx_word' id='word_1_197' title='bbox 1059 2708 1137 2749; x_wconf 83' lang='lat' dir='ltr'><strong>serni.</strong></span> <span class='ocrx_word' id='word_1_198' title='bbox 1155 2692 1232 2765; x_wconf 85' lang='lat' dir='ltr'><strong>reliq.</strong></span> <span class='ocrx_word' id='word_1_199' title='bbox 1250 2709 1275 2764; x_wconf 94' lang='lat' dir='ltr'><strong>p.</strong></span> <span class='ocrx_word' id='word_1_200' title='bbox 1292 2690 1365 2748; x_wconf 77' lang='lat'><strong>328.</strong></span> 
     </span>
     <span class='ocr_line' id='line_1_23' title="bbox 181 2777 1366 2854; baseline -0.003 -18"><span class='ocrx_word' id='word_1_201' title='bbox 181 2778 371 2854; x_wconf 86' lang='lat' dir='ltr'><strong>Explicuerunt</strong></span> <span class='ocrx_word' id='word_1_202' title='bbox 391 2783 499 2852; x_wconf 84' lang='lat' dir='ltr'><strong>praeter</strong></span> <span class='ocrx_word' id='word_1_203' title='bbox 520 2777 679 2834; x_wconf 81' lang='lat' dir='ltr'><strong>Frontiuiaui</strong></span> <span class='ocrx_word' id='word_1_204' title='bbox 702 2778 792 2849; x_wconf 90' lang='lat' dir='ltr'><strong>operis</strong></span> <span class='ocrx_word' id='word_1_205' title='bbox 808 2778 936 2846; x_wconf 85' lang='lat' dir='ltr'><strong>editores,</strong></span> <span class='ocrx_word' id='word_1_206' title='bbox 958 2779 986 2835; x_wconf 80' lang='lat' dir='ltr'><strong>(l.</strong></span> <span class='ocrx_word' id='word_1_207' title='bbox 1002 2779 1032 2836; x_wconf 84' lang='lat' dir='ltr'><strong>G.</strong></span> <span class='ocrx_word' id='word_1_208' title='bbox 1050 2779 1083 2836; x_wconf 87' lang='lat' dir='ltr'><strong>de</strong></span> <span class='ocrx_word' id='word_1_209' title='bbox 1099 2778 1240 2836; x_wconf 84' lang='lat' dir='ltr'><strong>Wlncltler</strong></span> <span class='ocrx_word' id='word_1_210' title='bbox 1255 2778 1366 2834; x_wconf 86' lang='lat' dir='ltr'><strong>llisaert.</strong></span> 
     </span>
     <span class='ocr_line' id='line_1_24' title="bbox 183 2862 1366 2939; baseline -0.001 -16"><span class='ocrx_word' id='word_1_211' title='bbox 183 2868 217 2923; x_wconf 88' lang='lat' dir='ltr'><strong>da</strong></span> <span class='ocrx_word' id='word_1_212' title='bbox 238 2865 295 2923; x_wconf 87' lang='lat' dir='ltr'><strong>lure</strong></span> <span class='ocrx_word' id='word_1_213' title='bbox 316 2865 472 2938; x_wconf 88' lang='lat' dir='ltr'><strong>impetratae</strong></span> <span class='ocrx_word' id='word_1_214' title='bbox 495 2881 579 2938; x_wconf 80' lang='lat' dir='ltr'><strong>nqueo</strong></span> <span class='ocrx_word' id='word_1_215' title='bbox 602 2865 670 2938; x_wconf 85' lang='lat' dir='ltr'><strong>lips.</strong></span> <span class='ocrx_word' id='word_1_216' title='bbox 696 2862 786 2920; x_wconf 80' lang='grc'>1749.</span> <span class='ocrx_word' id='word_1_217' title='bbox 809 2865 838 2920; x_wconf 79' lang='lat' dir='ltr'><strong>d.</strong></span> <span class='ocrx_word' id='word_1_218' title='bbox 867 2871 895 2922; x_wconf 89' lang='lat' dir='ltr'><strong>et</strong></span> <span class='ocrx_word' id='word_1_219' title='bbox 917 2866 1014 2939; x_wconf 86' lang='lat' dir='ltr'><strong>Opusc.</strong></span> <span class='ocrx_word' id='word_1_220' title='bbox 1036 2864 1130 2922; x_wconf 87' lang='lat' dir='ltr'><strong>minor.</strong></span> <span class='ocrx_word' id='word_1_221' title='bbox 1157 2865 1218 2922; x_wconf 88' lang='lat' dir='ltr'><strong>Vol.</strong></span> <span class='ocrx_word' id='word_1_222' title='bbox 1240 2864 1273 2923; x_wconf 92' lang='lat' dir='ltr'><strong>ll.</strong></span> <span class='ocrx_word' id='word_1_223' title='bbox 1294 2864 1321 2921; x_wconf 81' lang='grc' dir='ltr'><strong>Ρ.</strong></span> <span class='ocrx_word' id='word_1_224' title='bbox 1344 2864 1366 2922; x_wconf 80' lang='lat' dir='ltr'><strong>l.</strong></span> 
     </span>
     <span class='ocr_line' id='line_1_25' title="bbox 181 2950 1362 3029; baseline -0.001 -21"><span class='ocrx_word' id='word_1_225' title='bbox 181 2970 209 3029; x_wconf 89' lang='lat' dir='ltr'><strong>p.</strong></span> <span class='ocrx_word' id='word_1_226' title='bbox 234 2951 346 3008; x_wconf 85' lang='lat'><strong>1-50.</strong></span> <span class='ocrx_word' id='word_1_227' title='bbox 378 2951 488 3008; x_wconf 91' lang='lat' dir='ltr'><strong>lordaus</strong></span> <span class='ocrx_word' id='word_1_228' title='bbox 510 2952 545 3007; x_wconf 90' lang='lat' dir='ltr'><strong>de</strong></span> <span class='ocrx_word' id='word_1_229' title='bbox 567 2951 677 3025; x_wconf 83' lang='lat' dir='ltr'><strong>publicis</strong></span> <span class='ocrx_word' id='word_1_230' title='bbox 701 2950 802 3008; x_wconf 88' lang='lat' dir='ltr'><strong>urbium</strong></span> <span class='ocrx_word' id='word_1_231' title='bbox 824 2951 924 3008; x_wconf 84' lang='lat' dir='ltr'><strong>Romae</strong></span> <span class='ocrx_word' id='word_1_232' title='bbox 946 2957 974 3008; x_wconf 90' lang='lat' dir='ltr'><strong>at</strong></span> <span class='ocrx_word' id='word_1_233' title='bbox 996 2951 1240 3026; x_wconf 83' lang='lat' dir='ltr'><strong>Constantinopolis</strong></span> <span class='ocrx_word' id='word_1_234' title='bbox 1260 2967 1362 3025; x_wconf 80' lang='lat' dir='ltr'><strong>aquae·</strong></span> 
     </span>
     <span class='ocr_line' id='line_1_26' title="bbox 181 3036 1366 3111; baseline -0.003 -13"><span class='ocrx_word' id='word_1_235' title='bbox 181 3039 312 3098; x_wconf 88' lang='lat' dir='ltr'><strong>ductibus.</strong></span> <span class='ocrx_word' id='word_1_236' title='bbox 345 3037 462 3095; x_wconf 67' lang='lat' dir='ltr'><strong>Bonum</strong></span> <span class='ocrx_word' id='word_1_237' title='bbox 488 3036 579 3093; x_wconf 82' lang='lat'><strong>1845.</strong></span> <span class='ocrx_word' id='word_1_238' title='bbox 608 3037 653 3111; x_wconf 93' lang='lat' dir='ltr'><strong>qui</strong></span> <span class='ocrx_word' id='word_1_239' title='bbox 677 3037 788 3110; x_wconf 73' lang='lat' dir='ltr'><strong>,quidem</strong></span> <span class='ocrx_word' id='word_1_240' title='bbox 811 3044 838 3094; x_wconf 93' lang='lat' dir='ltr'><strong>et</strong></span> <span class='ocrx_word' id='word_1_241' title='bbox 860 3038 925 3095; x_wconf 85' lang='lat' dir='ltr'><strong>baec</strong></span> <span class='ocrx_word' id='word_1_242' title='bbox 946 3045 1054 3095; x_wconf 87' lang='lat' dir='ltr'><strong>senatus</strong></span> <span class='ocrx_word' id='word_1_243' title='bbox 1084 3038 1253 3095; x_wconf 80' lang='lat' dir='ltr'><strong>consultaret</strong></span> <span class='ocrx_word' id='word_1_244' title='bbox 1275 3038 1366 3110; x_wconf 74' lang='lat' dir='ltr'><strong>legem</strong></span> 
     </span>
     <span class='ocr_line' id='line_1_27' title="bbox 183 3122 1366 3199; baseline -0.003 -15"><span class='ocrx_word' id='word_1_245' title='bbox 183 3126 331 3194; x_wconf 82' lang='lat' dir='ltr'><strong>Quinetiam</strong></span> <span class='ocrx_word' id='word_1_246' title='bbox 353 3141 412 3181; x_wconf 88' lang='lat' dir='ltr'><strong>cum</strong></span> <span class='ocrx_word' id='word_1_247' title='bbox 433 3123 550 3199; x_wconf 87' lang='lat' dir='ltr'><strong>plurimis</strong></span> <span class='ocrx_word' id='word_1_248' title='bbox 573 3122 786 3197; x_wconf 85' lang='lat' dir='ltr'><strong>inscriptionibus</strong></span> <span class='ocrx_word' id='word_1_249' title='bbox 809 3123 843 3181; x_wconf 89' lang='lat' dir='ltr'><strong>ad</strong></span> <span class='ocrx_word' id='word_1_250' title='bbox 866 3141 991 3199; x_wconf 88' lang='lat' dir='ltr'><strong>aquarum</strong></span> <span class='ocrx_word' id='word_1_251' title='bbox 1014 3141 1103 3182; x_wconf 81' lang='lat' dir='ltr'><strong>curant</strong></span> <span class='ocrx_word' id='word_1_252' title='bbox 1124 3123 1315 3199; x_wconf 84' lang='lat' dir='ltr'><strong>pertinentibus</strong></span> <span class='ocrx_word' id='word_1_253' title='bbox 1337 3124 1366 3181; x_wconf 88' lang='lat' dir='ltr'><strong>in</strong></span> 
     </span>
     <span class='ocr_line' id='line_1_28' title="bbox 181 3208 1366 3285; baseline -0.001 -16"><span class='ocrx_word' id='word_1_254' title='bbox 181 3209 380 3269; x_wconf 85' lang='lat' dir='ltr'><strong>Dissertatloois</strong></span> <span class='ocrx_word' id='word_1_255' title='bbox 402 3208 559 3285; x_wconf 75' lang='lat' dir='ltr'><strong>Appendice</strong></span> <span class='ocrx_word' id='word_1_256' title='bbox 581 3210 683 3283; x_wconf 87' lang='lat' dir='ltr'><strong>recepit</strong></span> <span class='ocrx_word' id='word_1_257' title='bbox 705 3227 731 3283; x_wconf 96' lang='lat' dir='ltr'><strong>p.</strong></span> <span class='ocrx_word' id='word_1_258' title='bbox 754 3210 890 3267; x_wconf 81' lang='lat'><strong>68—90.</strong></span> <span class='ocrx_word' id='word_1_259' title='bbox 930 3212 1041 3268; x_wconf 76' lang='lat' dir='ltr'><strong>&#39;lartum</strong></span> <span class='ocrx_word' id='word_1_260' title='bbox 1063 3217 1293 3285; x_wconf 87' lang='lat' dir='ltr'><strong>repraesentamus</strong></span> <span class='ocrx_word' id='word_1_261' title='bbox 1315 3228 1366 3268; x_wconf 88' lang='lat' dir='ltr'><strong>so·</strong></span> 
     </span>
     <span class='ocr_line' id='line_1_29' title="bbox 181 3289 1150 3377; baseline -0.002 -21"><span class='ocrx_word' id='word_1_262' title='bbox 181 3300 294 3357; x_wconf 89' lang='lat' dir='ltr'><strong>cundum</strong></span> <span class='ocrx_word' id='word_1_263' title='bbox 317 3296 461 3354; x_wconf 89' lang='lat' dir='ltr'><strong>editionem</strong></span> <span class='ocrx_word' id='word_1_264' title='bbox 483 3295 602 3353; x_wconf 80' lang='lat' dir='ltr'><strong>Frontiui</strong></span> <span class='ocrx_word' id='word_1_265' title='bbox 624 3296 844 3353; x_wconf 86' lang='lat' dir='ltr'><strong>Dedarlcbianam</strong></span> <span class='ocrx_word' id='word_1_266' title='bbox 867 3290 1016 3376; x_wconf 83' lang='lat' dir='ltr'><strong>(Vesaline.</strong></span> <span class='ocrx_word' id='word_1_267' title='bbox 1041 3289 1150 3377; x_wconf 77' lang='lat' dir='ltr'><strong>tunt).</strong></span> 
     </span>
    </p>
   </div>
   <div class='ocr_carea' id='block_1_8' title="bbox 762 3414 783 3477">
    <p class='ocr_par' dir='ltr' id='par_1_8' title="bbox 762 3414 783 3477">
     <span class='ocr_line' id='line_1_30' title="bbox 762 3414 783 3477; baseline -0.048 0"><span class='ocrx_word' id='word_1_268' title='bbox 762 3414 783 3477; x_wconf 93' lang='lat' dir='ltr'><strong>l.</strong></span> 
     </span>
    </p>
   </div>
   <div class='ocr_carea' id='block_1_9' title="bbox 179 3513 1366 4295">
    <p class='ocr_par' dir='ltr' id='par_1_9' title="bbox 179 3513 1366 4295">
     <span class='ocr_line' id='line_1_31' title="bbox 285 3513 1365 3598; baseline -0.001 -17"><span class='ocrx_word' id='word_1_269' title='bbox 285 3515 371 3591; x_wconf 76' lang='lat' dir='ltr'><strong>Quod</strong></span> <span class='ocrx_word' id='word_1_270' title='bbox 393 3517 428 3590; x_wconf 80' lang='lat' dir='ltr'><strong>Q.</strong></span> <span class='ocrx_word' id='word_1_271' title='bbox 453 3515 557 3580; x_wconf 81' lang='lat' dir='ltr'><strong>Aelius</strong></span> <span class='ocrx_word' id='word_1_272' title='bbox 586 3516 703 3580; x_wconf 83' lang='lat' dir='ltr'><strong>Tubero</strong></span> <span class='ocrx_word' id='word_1_273' title='bbox 733 3516 849 3581; x_wconf 80' lang='lat' dir='ltr'><strong>Paullus</strong></span> <span class='ocrx_word' id='word_1_274' title='bbox 876 3518 982 3580; x_wconf 84' lang='lat' dir='ltr'><strong>Fabius</strong></span> <span class='ocrx_word' id='word_1_275' title='bbox 1009 3517 1155 3581; x_wconf 79' lang='lat' dir='ltr'><strong>Maximus</strong></span> <span class='ocrx_word' id='word_1_276' title='bbox 1176 3517 1262 3583; x_wconf 78' lang='lat' dir='ltr'><strong>Coss.</strong></span> <span class='ocrx_word' id='word_1_277' title='bbox 1275 3513 1304 3598; x_wconf 82' lang='lat'><strong>¹)</strong></span> <span class='ocrx_word' id='word_1_278' title='bbox 1326 3516 1365 3580; x_wconf 80' lang='lat' dir='ltr'><strong>ll.</strong></span> 
     </span>
     <span class='ocr_line' id='line_1_32' title="bbox 182 3602 1366 3685; baseline -0.001 -17"><span class='ocrx_word' id='word_1_279' title='bbox 182 3604 214 3668; x_wconf 82' lang='lat' dir='ltr'><strong>F.</strong></span> <span class='ocrx_word' id='word_1_280' title='bbox 236 3602 275 3669; x_wconf 86' lang='lat' dir='ltr'><strong>do</strong></span> <span class='ocrx_word' id='word_1_281' title='bbox 296 3605 333 3667; x_wconf 91' lang='lat' dir='ltr'><strong>iis</strong></span> <span class='ocrx_word' id='word_1_282' title='bbox 354 3605 406 3684; x_wconf 91' lang='lat' dir='ltr'><strong>qui</strong></span> <span class='ocrx_word' id='word_1_283' title='bbox 427 3610 580 3667; x_wconf 76' lang='lat' dir='ltr'><strong>curatores</strong></span> <span class='ocrx_word' id='word_1_284' title='bbox 602 3622 744 3685; x_wconf 86' lang='lat' dir='ltr'><strong>aquarum</strong></span> <span class='ocrx_word' id='word_1_285' title='bbox 767 3603 949 3685; x_wconf 88' lang='lat' dir='ltr'><strong>publicarum</strong></span> <span class='ocrx_word' id='word_1_286' title='bbox 971 3622 1011 3666; x_wconf 90' lang='lat' dir='ltr'><strong>ox</strong></span> <span class='ocrx_word' id='word_1_287' title='bbox 1033 3621 1182 3668; x_wconf 86' lang='lat' dir='ltr'><strong>consensu</strong></span> <span class='ocrx_word' id='word_1_288' title='bbox 1202 3611 1366 3667; x_wconf 71' lang='lat' dir='ltr'><strong>senaim</strong></span> 
     </span>
     <span class='ocr_line' id='line_1_33' title="bbox 182 3689 1364 3772; baseline -0.003 -17"><span class='ocrx_word' id='word_1_289' title='bbox 182 3690 310 3755; x_wconf 75' lang='lat' dir='ltr'><strong>Caesus</strong></span> <span class='ocrx_word' id='word_1_290' title='bbox 330 3689 468 3772; x_wconf 79' lang='lat' dir='ltr'><strong>Augusto</strong></span> <span class='ocrx_word' id='word_1_291' title='bbox 489 3691 626 3755; x_wconf 83' lang='lat' dir='ltr'><strong>nominati</strong></span> <span class='ocrx_word' id='word_1_292' title='bbox 648 3696 765 3769; x_wconf 89' lang='lat' dir='ltr'><strong>essent,</strong></span> <span class='ocrx_word' id='word_1_293' title='bbox 794 3690 980 3770; x_wconf 81' lang='lat' dir='ltr'><strong>ordinandis,</strong></span> <span class='ocrx_word' id='word_1_294' title='bbox 1003 3713 1027 3753; x_wconf 85' lang='lat' dir='ltr'><strong>a.</strong></span> <span class='ocrx_word' id='word_1_295' title='bbox 1051 3712 1076 3752; x_wconf 86' lang='lat' dir='ltr'><strong>n.</strong></span> <span class='ocrx_word' id='word_1_296' title='bbox 1099 3713 1125 3751; x_wconf 90' lang='lat' dir='ltr'><strong>a.</strong></span> <span class='ocrx_word' id='word_1_297' title='bbox 1148 3713 1174 3758; x_wconf 70' lang='lat' dir='ltr'><strong>a</strong></span> <span class='ocrx_word' id='word_1_298' title='bbox 1196 3712 1219 3752; x_wconf 88' lang='lat' dir='ltr'><strong>a.</strong></span> <span class='ocrx_word' id='word_1_299' title='bbox 1242 3713 1266 3759; x_wconf 73' lang='lat' dir='ltr'><strong>r.</strong></span> <span class='ocrx_word' id='word_1_300' title='bbox 1288 3711 1314 3752; x_wconf 84' lang='lat' dir='ltr'><strong>a.</strong></span> <span class='ocrx_word' id='word_1_301' title='bbox 1337 3710 1364 3752; x_wconf 83' lang='lat' dir='ltr'><strong>r.</strong></span> 
     </span>
     <span class='ocr_line' id='line_1_34' title="bbox 180 3775 1366 3859; baseline 0 -20"><span class='ocrx_word' id='word_1_302' title='bbox 180 3800 206 3840; x_wconf 85' lang='lat' dir='ltr'><strong>a.</strong></span> <span class='ocrx_word' id='word_1_303' title='bbox 228 3798 246 3840; x_wconf 88' lang='lat' dir='ltr'><strong>r.</strong></span> <span class='ocrx_word' id='word_1_304' title='bbox 269 3798 294 3841; x_wconf 89' lang='lat' dir='ltr'><strong>c.</strong></span> <span class='ocrx_word' id='word_1_305' title='bbox 316 3776 437 3840; x_wconf 85' lang='lat' dir='ltr'><strong>Placere</strong></span> <span class='ocrx_word' id='word_1_306' title='bbox 463 3776 531 3840; x_wconf 90' lang='lat' dir='ltr'><strong>buic</strong></span> <span class='ocrx_word' id='word_1_307' title='bbox 553 3775 650 3841; x_wconf 89' lang='lat' dir='ltr'><strong>ordini</strong></span> <span class='ocrx_word' id='word_1_308' title='bbox 676 3795 729 3841; x_wconf 90' lang='lat' dir='ltr'><strong>eos</strong></span> <span class='ocrx_word' id='word_1_309' title='bbox 759 3779 810 3858; x_wconf 87' lang='lat' dir='ltr'><strong>qai</strong></span> <span class='ocrx_word' id='word_1_310' title='bbox 832 3779 916 3859; x_wconf 87' lang='lat' dir='ltr'><strong>aquis</strong></span> <span class='ocrx_word' id='word_1_311' title='bbox 944 3776 1068 3858; x_wconf 87' lang='lat' dir='ltr'><strong>publicis</strong></span> <span class='ocrx_word' id='word_1_312' title='bbox 1097 3784 1268 3857; x_wconf 77' lang='lat' dir='ltr'><strong>permeent,</strong></span> <span class='ocrx_word' id='word_1_313' title='bbox 1294 3792 1366 3839; x_wconf 78' lang='lat' dir='ltr'><strong>curs</strong></span> 
     </span>
     <span class='ocr_line' id='line_1_35' title="bbox 181 3862 1366 3945; baseline -0.003 -16"><span class='ocrx_word' id='word_1_314' title='bbox 181 3866 245 3929; x_wconf 82' lang='lat' dir='ltr'><strong>eius</strong></span> <span class='ocrx_word' id='word_1_315' title='bbox 266 3864 311 3928; x_wconf 93' lang='lat' dir='ltr'><strong>rei</strong></span> <span class='ocrx_word' id='word_1_316' title='bbox 332 3882 421 3927; x_wconf 77' lang='lat' dir='ltr'><strong>mosa</strong></span> <span class='ocrx_word' id='word_1_317' title='bbox 441 3870 525 3926; x_wconf 86' lang='lat' dir='ltr'><strong>extra</strong></span> <span class='ocrx_word' id='word_1_318' title='bbox 549 3865 650 3926; x_wconf 88' lang='lat' dir='ltr'><strong>urbem</strong></span> <span class='ocrx_word' id='word_1_319' title='bbox 674 3872 786 3941; x_wconf 88' lang='lat' dir='ltr'><strong>esseut,</strong></span> <span class='ocrx_word' id='word_1_320' title='bbox 807 3864 926 3928; x_wconf 88' lang='lat' dir='ltr'><strong>lictores</strong></span> <span class='ocrx_word' id='word_1_321' title='bbox 948 3865 1034 3927; x_wconf 89' lang='lat' dir='ltr'><strong>binos</strong></span> <span class='ocrx_word' id='word_1_322' title='bbox 1056 3870 1087 3925; x_wconf 89' lang='lat' dir='ltr'><strong>at</strong></span> <span class='ocrx_word' id='word_1_323' title='bbox 1109 3880 1215 3926; x_wconf 85' lang='lat' dir='ltr'><strong>servos</strong></span> <span class='ocrx_word' id='word_1_324' title='bbox 1228 3862 1366 3945; x_wconf 78' lang='lat' dir='ltr'><strong>pubbcos</strong></span> 
     </span>
     <span class='ocr_line' id='line_1_36' title="bbox 180 3950 1365 4034; baseline -0.005 -18"><span class='ocrx_word' id='word_1_325' title='bbox 180 3957 300 4027; x_wconf 73' lang='lat' dir='ltr'><strong>tunsa,</strong></span> <span class='ocrx_word' id='word_1_326' title='bbox 321 3950 500 4014; x_wconf 86' lang='lat' dir='ltr'><strong>arcbitectos</strong></span> <span class='ocrx_word' id='word_1_327' title='bbox 521 3951 656 4034; x_wconf 76' lang='lat' dir='ltr'><strong>singulos</strong></span> <span class='ocrx_word' id='word_1_328' title='bbox 678 3956 709 4012; x_wconf 92' lang='lat' dir='ltr'><strong>et</strong></span> <span class='ocrx_word' id='word_1_329' title='bbox 730 3951 841 4015; x_wconf 84' lang='lat' dir='ltr'><strong>scribas</strong></span> <span class='ocrx_word' id='word_1_330' title='bbox 864 3958 894 4013; x_wconf 94' lang='lat' dir='ltr'><strong>et</strong></span> <span class='ocrx_word' id='word_1_331' title='bbox 915 3951 1069 4028; x_wconf 86' lang='lat' dir='ltr'><strong>librarios,</strong></span> <span class='ocrx_word' id='word_1_332' title='bbox 1097 3966 1241 4013; x_wconf 85' lang='lat' dir='ltr'><strong>accensas</strong></span> <span class='ocrx_word' id='word_1_333' title='bbox 1269 3966 1365 4030; x_wconf 82' lang='lat' dir='ltr'><strong>prra-</strong></span> 
     </span>
     <span class='ocr_line' id='line_1_37' title="bbox 179 4034 1366 4119; baseline -0.003 -18"><span class='ocrx_word' id='word_1_334' title='bbox 179 4054 333 4119; x_wconf 87' lang='lat' dir='ltr'><strong>conesque</strong></span> <span class='ocrx_word' id='word_1_335' title='bbox 355 4035 475 4100; x_wconf 86' lang='lat' dir='ltr'><strong>totidem</strong></span> <span class='ocrx_word' id='word_1_336' title='bbox 504 4037 613 4100; x_wconf 87' lang='lat' dir='ltr'><strong>babere</strong></span> <span class='ocrx_word' id='word_1_337' title='bbox 620 4057 630 4113; x_wconf 83' lang='lat'>3</span> <span class='ocrx_word' id='word_1_338' title='bbox 660 4045 733 4119; x_wconf 93' lang='lat' dir='ltr'><strong>quot</strong></span> <span class='ocrx_word' id='word_1_339' title='bbox 754 4037 861 4102; x_wconf 87' lang='lat' dir='ltr'><strong>babent</strong></span> <span class='ocrx_word' id='word_1_340' title='bbox 881 4039 902 4100; x_wconf 93' lang='lat' dir='ltr'><strong>it</strong></span> <span class='ocrx_word' id='word_1_341' title='bbox 923 4054 977 4119; x_wconf 90' lang='lat' dir='ltr'><strong>per</strong></span> <span class='ocrx_word' id='word_1_342' title='bbox 999 4053 1074 4116; x_wconf 88' lang='lat' dir='ltr'><strong>quos</strong></span> <span class='ocrx_word' id='word_1_343' title='bbox 1095 4034 1273 4099; x_wconf 76' lang='lat' dir='ltr'><strong>frumentum</strong></span> <span class='ocrx_word' id='word_1_344' title='bbox 1294 4036 1366 4116; x_wconf 86' lang='lat' dir='ltr'><strong>plo-</strong></span> 
     </span>
     <span class='ocr_line' id='line_1_38' title="bbox 180 4121 1366 4206; baseline -0.003 -18"><span class='ocrx_word' id='word_1_345' title='bbox 180 4124 228 4188; x_wconf 88' lang='lat' dir='ltr'><strong>bei</strong></span> <span class='ocrx_word' id='word_1_346' title='bbox 250 4124 350 4198; x_wconf 89' lang='lat' dir='ltr'><strong>datur;</strong></span> <span class='ocrx_word' id='word_1_347' title='bbox 380 4142 445 4187; x_wconf 87' lang='lat' dir='ltr'><strong>cum</strong></span> <span class='ocrx_word' id='word_1_348' title='bbox 474 4130 570 4187; x_wconf 87' lang='lat' dir='ltr'><strong>autem</strong></span> <span class='ocrx_word' id='word_1_349' title='bbox 599 4124 629 4186; x_wconf 90' lang='lat' dir='ltr'><strong>iu</strong></span> <span class='ocrx_word' id='word_1_350' title='bbox 652 4124 725 4187; x_wconf 88' lang='lat' dir='ltr'><strong>urbe</strong></span> <span class='ocrx_word' id='word_1_351' title='bbox 752 4123 884 4187; x_wconf 87' lang='lat' dir='ltr'><strong>eiusdem</strong></span> <span class='ocrx_word' id='word_1_352' title='bbox 906 4124 951 4187; x_wconf 89' lang='lat' dir='ltr'><strong>rei</strong></span> <span class='ocrx_word' id='word_1_353' title='bbox 980 4141 1068 4186; x_wconf 76' lang='lat' dir='ltr'><strong>musa</strong></span> <span class='ocrx_word' id='word_1_354' title='bbox 1097 4121 1207 4203; x_wconf 87' lang='lat' dir='ltr'><strong>ailquid</strong></span> <span class='ocrx_word' id='word_1_355' title='bbox 1228 4128 1366 4206; x_wconf 81' lang='lat' dir='ltr'><strong>agerent,</strong></span> 
     </span>
     <span class='ocr_line' id='line_1_39' title="bbox 180 4204 1366 4295; baseline 0.001 -22"><span class='ocrx_word' id='word_1_356' title='bbox 180 4212 288 4276; x_wconf 80' lang='lat' dir='ltr'><strong>ceteris</strong></span> <span class='ocrx_word' id='word_1_357' title='bbox 310 4210 525 4295; x_wconf 78' lang='lat' dir='ltr'><strong>apparitoribus</strong></span> <span class='ocrx_word' id='word_1_358' title='bbox 553 4209 672 4290; x_wconf 88' lang='lat' dir='ltr'><strong>iisdem,</strong></span> <span class='ocrx_word' id='word_1_359' title='bbox 701 4216 907 4293; x_wconf 81' lang='lat' dir='ltr'><strong>praeterquam</strong></span> <span class='ocrx_word' id='word_1_360' title='bbox 935 4210 1102 4290; x_wconf 91' lang='lat' dir='ltr'><strong>lictoribus,</strong></span> <span class='ocrx_word' id='word_1_361' title='bbox 1131 4204 1231 4293; x_wconf 76' lang='lat' dir='ltr'><strong>uti&#39;);</strong></span> <span class='ocrx_word' id='word_1_362' title='bbox 1260 4208 1366 4291; x_wconf 86' lang='lat' dir='ltr'><strong>utique</strong></span> 
     </span>
    </p>
   </div>
   <div class='ocr_carea' id='block_1_10' title="bbox 179 4449 1366 4594">
    <p class='ocr_par' dir='ltr' id='par_1_10' title="bbox 179 4449 1366 4594">
     <span class='ocr_line' id='line_1_40' title="bbox 179 4449 1366 4594; baseline -0.002 -85"><span class='ocrx_word' id='word_1_363' title='bbox 179 4450 706 4594; x_wconf 39' lang='lat' dir='ltr'><strong>&amp;mamaeae</strong></span> <span class='ocrx_word' id='word_1_364' title='bbox 726 4454 823 4510; x_wconf 86' lang='lat'><strong>11</strong></span> <span class='ocrx_word' id='word_1_365' title='bbox 792 4452 939 4523; x_wconf 67' lang='lat' dir='ltr'><strong>blato</strong></span> <span class='ocrx_word' id='word_1_366' title='bbox 957 4450 1161 4527; x_wconf 68' lang='lat' dir='ltr'><strong>quodinttlffl</strong></span> <span class='ocrx_word' id='word_1_367' title='bbox 1181 4449 1366 4508; x_wconf 81' lang='lat' dir='ltr'><strong>omnibusde·</strong></span> 
     </span>
    </p>
   </div>
   <div class='ocr_carea' id='block_1_11' title="bbox 0 0 1558 5122">
    <p class='ocr_par' dir='ltr' id='par_1_11' title="bbox 0 0 1558 5122">
     <span class='ocr_line' id='line_1_41' title="bbox 0 0 1558 5122; baseline 0 0"><span class='ocrx_word' id='word_1_368' title='bbox 0 0 1558 5122; x_wconf 95' lang='lat' dir='ltr'><strong> </strong></span> 
     </span>
    </p>
   </div>
  </div>
 </body>
</html>
