3106 5122
231 421 295 487 362
561 422 639 479 lusor.
658 423 787 494 proram.
823 422 886 494 Cap.
903 422 935 478 ll.
970 423 1090 483 rannus.

223 581 306 647 iussi.
338 579 405 645 Duo
426 586 456 644 et
478 582 629 666 octogiuta
651 583 758 664 templa
780 582 869 647 daura
891 583 921 647 in
942 582 1019 647 urbe
1041 581 1153 647 conam
1174 587 1292 649 sextum
1307 598 1348 645 ex
1363 579 1422 645 de-

228 676 312 735 creto
335 675 458 733 senatus
479 666 583 746 relcci,
607 669 687 733 nullo
710 674 919 751 praetermisso
942 669 1022 751 quud
1043 677 1131 732 vetus
1145 667 1282 750 templana
1299 668 1417 733 luisset.

233 752 360 839 [Consul
381 757 538 836 septimum
561 756 646 832 viam,
669 775 744 838 quoe
767 757 905 821 Flaminia
926 756 1096 838 appellatur,
1124 757 1188 836 ipso
1209 774 1275 819 mea
1296 759 1423 837 pecunia

229 843 267 906 ab
290 841 353 905 aliis
375 843 630 922 praetermissum,
652 845 764 924 sumpsi
786 842 996 927 muniendaml.

332 929 449 992 Privato
471 930 536 992 solo
560 936 659 1012 empto
680 931 782 994 Mortis
803 932 906 995 rdtoris
922 929 1061 1011 templum
1074 927 1234 1010 forumque
1257 927 1422 1011 Augustum

230 1024 261 1079 ct
280 1014 424 1079 theatrum
446 1014 484 1078 ad
506 1015 610 1079 aedem
632 1016 776 1096 Apollinis
808 1020 836 1080 in
867 1016 933 1081 solo
956 1035 1061 1098 magna
1089 1034 1131 1078 err
1152 1024 1236 1097 parte
1260 1035 1278 1083 a
1299 1019 1421 1097 privatis

228 1111 326 1184 empto
349 1101 424 1179 ieci,
451 1102 533 1184 quod
555 1104 610 1165 sub
634 1105 753 1165 nomine
775 1104 814 1167 Μ.
837 1103 967 1167 Marcelli
997 1103 1103 1185 generi
1126 1104 1183 1164 nrei
1206 1109 1297 1166 esset.
1337 1103 1421 1169 Dona

226 1189 264 1252 de
286 1189 418 1252 inanibiis
440 1189 469 1251 in
493 1188 634 1270 Capitolio
657 1198 689 1253 ct
710 1192 740 1253 in
763 1191 839 1252 aedo
862 1190 927 1253 llivi
949 1189 1000 1253 iuli
1023 1196 1053 1252 et
1075 1191 1104 1251 in
1128 1188 1204 1251 aede
1227 1189 1373 1269 Apollinis
1393 1197 1422 1253 et

225 1278 256 1341 in
278 1275 354 1340 aede
377 1276 485 1338 Vestae
508 1283 538 1337 et
560 1278 589 1341 in
612 1277 721 1357 templo
750 1277 852 1341 blartis
883 1278 991 1341 Ultoris
1022 1277 1216 1352 consecravi,
1250 1294 1330 1355 quae
1353 1276 1422 1339 mibi

226 1364 422 1427 constiterunt
442 1362 488 1427 HS
519 1363 637 1424 circiter
660 1364 794 1429 milliens.
835 1364 911 1429 Auri
940 1363 1079 1427 coronari
1112 1361 1212 1444 pondo
1243 1365 1365 1438 triginta
1391 1371 1422 1426 et

228 1454 357 1532 quinque
379 1448 467 1513 millia
488 1451 641 1529 municipis
663 1457 695 1512 ct
716 1450 830 1513 colonis
853 1449 950 1514 ltaliae
972 1448 1192 1514 conferentibus
1206 1447 1243 1511 ad
1259 1444 1421 1531 triumphes

225 1555 310 1603 meos
345 1537 477 1619 quintum
508 1536 616 1600 Consul
645 1538 745 1599 remisi
774 1544 804 1598 ct
833 1546 937 1618 postea
966 1536 1227 1618 quotienscunque
1257 1535 1421 1617 Imperator

224 1624 384 1707 appellatus
405 1641 472 1687 sum
494 1641 601 1686 aurunt
623 1625 808 1687 coronarium
832 1643 891 1689 non
914 1625 1014 1704 accepi
1035 1622 1266 1685 decernentibus
1289 1625 1418 1686 munici-

229 1713 286 1795 piis
309 1718 339 1773 et
361 1710 474 1773 colonis
495 1708 593 1774 ltaliae
616 1710 748 1773 similiter
760 1710 858 1792 adque
875 1718 959 1774 antea
972 1711 1167 1772 decreverant
1178 1755 1290 1771 ......
1314 1729 1419 1774 munus

229 1797 437 1881 gladiatorium
460 1795 528 1860 dedi
550 1816 617 1861 mco
647 1799 765 1861 nontine
788 1804 818 1860 ct
847 1798 1022 1879 quinquiens
1049 1796 1174 1858 liliorum
1204 1814 1338 1861 meorum
1369 1804 1420 1860 aut

230 1892 370 1967 nepotum
392 1884 526 1959 nominc,
556 1885 662 1965 quibus
693 1885 862 1947 muneribus
890 1891 1097 1965 pugnauerunt
1125 1882 1271 1946 bominum
1300 1884 1420 1946 circiter

231 1973 335 2037 decem
358 1970 455 2033 millia.
496 1970 545 2032 Bis
575 1971 748 2034 athletarum
779 1970 910 2052 undique
936 1972 1096 2033 uncilenum
1120 1970 1280 2033 certamina
1301 1968 1370 2032 dedi
1390 1971 1419 2032 in

229 2057 399 2141 spectaculo
423 2059 542 2139 proprio
564 2076 632 2121 meo
654 2062 773 2120 nonnine
796 2065 827 2119 et
851 2058 968 2120 tertium
991 2064 1130 2137 nepotum
1152 2074 1295 2119 meorum.
1320 2055 1418 2120 Ludos

230 2146 377 2209 leci-rnen
401 2145 518 2206 nominc
542 2151 654 2225 quater,
678 2145 801 2207 aliorum
823 2152 922 2209 autern
937 2145 1157 2226 magistratuum
1174 2143 1354 2220 [absentium
1371 2149 1420 2207 aut

230 2251 291 2295 non
313 2226 535 2313 subicientium]
558 2237 605 2294 ter
628 2237 657 2292 et
679 2232 801 2294 viciens.
844 2231 876 2293 ln
898 2231 1025 2312 collegio
1055 2230 1108 2292 XV
1120 2230 1250 2291 uirorum
1278 2231 1419 2312 magister

229 2317 363 2382 adlectus
386 2317 450 2379 eins
474 2318 580 2400 collegi
603 2332 669 2379 rum
692 2318 727 2380 bl.
758 2317 889 2400 Agrippa
911 2335 965 2398 pro
988 2315 1161 2390 Quindecim
1183 2317 1254 2379 viris
1278 2317 1310 2380 C.
1339 2317 1418 2379 Fur-

227 2402 453 2468 aucusitare
478 2403 546 2467 Cos.
570 2406 689 2486 quintos
716 2404 802 2467 ludos
831 2406 1000 2467 saeculares
1030 2405 1144 2466 ratione
1175 2402 1211 2465 ad
1241 2401 1270 2465 id
1300 2411 1418 2485 ternpus

228 2492 299 2555 inita
321 2510 360 2555 ex
383 2491 504 2555 oraculo
526 2490 665 2555 librorum
688 2491 898 2573 Sibyllinorum
920 2509 1034 2554 summa
1057 2509 1124 2554 cunr
1138 2508 1210 2553 curn
1225 2489 1292 2554 feci.
1315 2491 1418 2554 Vena-

230 2581 328 2643 tioncs
350 2578 510 2641 bestiarum
539 2577 744 2642 Africanarum
767 2597 834 2641 rnen
864 2580 983 2642 nominc
1013 2585 1044 2641 et
1071 2576 1196 2640 Aliorum
1226 2596 1361 2642 meorum
1389 2584 1419 2639 et

228 2673 369 2749 nepotum
392 2666 421 2728 in
445 2666 531 2728 Circo
554 2668 654 2728 autin
677 2666 743 2729 loro
766 2673 817 2728 arnt
839 2667 867 2728 in
891 2664 1109 2747 amphitheatris
1135 2664 1245 2746 populo
1274 2663 1342 2727 dedi
1364 2683 1419 2727 se·

227 2756 315 2818 aiens
338 2760 368 2815 et
389 2753 517 2832 uiciens,
547 2753 653 2834 quibus
676 2752 812 2816 conlecta
835 2760 903 2816 sumt
925 2754 1083 2815 bestiarum
1106 2753 1226 2814 circiter
1248 2752 1301 2815 tria
1332 2751 1419 2814 millia

229 2849 259 2903 ct
303 2842 469 2904 uincenlac.

282 2860 301 2923 q
332 2894 449 2990 Navalis
472 2926 565 3008 proeli
588 2926 788 3009 spectaculum
813 2926 923 3009 populo
948 2925 1014 2988 dedi
1038 2933 1118 2988 lruns
1141 2926 1284 3004 Tiberim,
1305 2924 1337 2989 in
1359 2943 1417 3006 quo

229 3015 297 3078 loco
319 3032 396 3078 nunc
419 3032 522 3076 nemus
544 3021 591 3077 est
613 3016 789 3092 Caesarum,
819 3021 923 3076 cavato
951 3013 1017 3077 solo
1040 3014 1069 3076 in
1092 3012 1301 3095 longitudinem
1323 3013 1417 3095 pedes

229 3108 312 3164 erant
336 3101 413 3163 mille
435 3108 466 3163 et
488 3100 624 3180 ducenti,
646 3104 675 3164 in
698 3120 758 3183 quo
782 3102 899 3183 triginta
922 3107 1067 3164 rostratae
1091 3117 1199 3177 naves,
1229 3100 1366 3162 triremes
1387 3106 1418 3162 et

229 3187 442 3271 quadriremes,
464 3188 556 3269 pluris
579 3195 676 3250 aulem
700 3190 829 3250 minores
845 3191 922 3250 inter
939 3206 973 3249 se
989 3188 1195 3249 condixerunt.
1225 3186 1256 3248 ln
1278 3188 1314 3249 iis
1337 3185 1416 3249 clus·

228 3276 308 3338 slbus
331 3281 536 3357 pugnaverunt
557 3282 676 3355 practer
697 3275 824 3356 rcnrigcs
848 3272 940 3337 millia'
957 3275 1106 3336 bominum
1129 3275 1183 3336 tria
1206 3273 1332 3335 circiter.

331 3360 362 3424 ln
385 3360 498 3440 templis
522 3362 651 3423 omnium
683 3362 839 3423 civitatium
863 3361 991 3422 Achaiae
1022 3369 1052 3423 et
1080 3360 1171 3423 Asiae
1201 3361 1296 3423 uictor
1325 3377 1417 3422 orna-

228 3456 325 3511 menta
347 3448 479 3530 reposui,
503 3464 579 3526 qnae
602 3446 734 3528 spoliaris
758 3447 872 3530 templis
902 3449 927 3510 is
950 3466 1017 3510 cunr
1041 3464 1099 3528 quo
1123 3446 1231 3509 bellum
1262 3464 1415 3528 gesseram

230 3537 363 3618 priuatim
393 3532 579 3616 possederat.
631 3533 716 3597 Meae
752 3541 864 3597 statuae
900 3533 1055 3617 pedestres
1085 3541 1115 3595 ct
1142 3540 1299 3615 equestres
1331 3541 1360 3595 el
1388 3535 1418 3596 in

229 3621 399 3704 quadrigcis
421 3626 583 3701 argenteae
605 3627 749 3683 steterunt
772 3623 799 3683 in
823 3621 897 3685 urbe
919 3622 999 3684 XXC
1022 3622 1155 3696 circiter,
1178 3640 1251 3702 quas
1273 3622 1339 3703 ipse
1362 3640 1416 3684 su-

230 3709 308 3786 stuli,
331 3725 431 3789 quue
454 3725 489 3771 ca
511 3709 636 3790 pecunia
659 3707 736 3771 dona
759 3727 848 3771 aurea
870 3708 899 3770 in
930 3708 1004 3770 aede
1031 3708 1173 3789 Apollinis
1203 3726 1270 3770 mco
1298 3710 1416 3772 nomine

231 3803 262 3858 et
282 3796 396 3859 illorum
419 3795 469 3876 qui
492 3794 560 3857 mibi
582 3802 743 3858 statuorum
767 3796 911 3860 bonorem
933 3796 1114 3873 babuerunt,
1137 3796 1232 3878 posui.

761 3883 831 3945 Tala.
856 3884 889 3943 V.

330 3971 413 4033 blare
433 3970 537 4052 pacari
559 3988 576 4033 a
598 3968 805 4052 praedonibus.
851 3969 895 4033 Eo
920 3969 997 4033 bello
1020 3986 1185 4049 seruorum,
1207 3970 1257 4052 qni
1277 3968 1417 4053 ingerant

224 4078 243 4121 a
266 4057 389 4122 dominis
411 4061 474 4125 suis
502 4065 532 4121 el
553 4076 634 4120 arma
663 4065 766 4121 contro
795 4057 1005 4139 rempublicam
1029 4056 1173 4135 tulerant,
1201 4057 1322 4139 triginta
1351 4057 1417 4120 iere

225 4144 312 4209 millia
335 4152 419 4228 capta
441 4145 566 4210 dominis
589 4144 626 4208 ad
648 4145 821 4226 supplicium
843 4144 1015 4207 sumendum
1039 4143 1152 4207 tradidi.
1182 4145 1417 4208 interitiones

224 4233 316 4295 verba
338 4240 400 4298 tola
421 4233 502 4297 ltalia
525 4239 633 4313 sponte
662 4250 719 4294 sua
741 4238 771 4293 et
793 4248 841 4292 mo
863 4248 917 4310 pru
939 4232 1064 4294 victoria
1086 4231 1288 4311 reipublicae
1310 4230 1415 4294 ducem

221 4319 404 4401 depoposcit.
445 4321 617 4383 iuraverunt
646 4319 675 4381 in
698 4317 802 4382 ordonr
832 4319 923 4379 verba
945 4317 1065 4394 Galliae,
1095 4318 1272 4400 Hispaniae,
1303 4317 1416 4397 Alrion,

224 4406 338 4484 Sicilia,
365 4406 513 4481 Sardinia,
543 4406 696 4486 illyricum.
741 4404 915 4468 iuraverunt
946 4406 975 4467 in
1005 4405 1110 4467 eadem
1139 4407 1231 4468 verba
1258 4411 1416 4469 senatores

225 4492 325 4575 piures
348 4510 434 4574 quam
463 4492 537 4555 DCC
560 4494 612 4555 Cn.
635 4492 761 4556 Domitio
784 4491 815 4554 C.
838 4491 925 4556 Sosio
954 4491 1138 4556 Consulibus.
1184 4493 1264 4557 Facti
1286 4499 1356 4557 sunt
1378 4490 1415 4557 ad

222 4598 291 4645 eun
312 4577 389 4645 dem
411 4596 471 4660 quo
493 4580 603 4662 scripta
624 4587 693 4646 sunt
714 4580 788 4645 baec
799 4625 912 4646 ......
933 4580 1052 4645 circiter
1073 4578 1190 4644 CLXX.
