3106 5122
178 396 248 465 292¹
507 394 585 449 laser.
602 394 734 464 psalm
768 393 831 462 cap.
847 393 879 449 ll.
910 394 1029 463 Tabulae.

283 549 333 616 10.
422 551 492 618 Seio
513 570 551 615 ne
564 550 626 636 1)..
651 552 763 617 litteras
784 551 822 616 ad
844 553 1041 635 magistratus,
1064 551 1132 634 qaei
1146 550 1246 616 Mam
1260 551 1367 617 llaec-

179 638 296 704 doniam
318 640 483 721 provincias
506 641 638 722 optinent
659 646 689 702 et
710 639 748 703 ad
769 641 959 721 magistratus
981 657 1085 702 eorum
1107 639 1230 702 mitt...

284 726 333 790 ll.
425 726 560 807 Aequom
582 745 707 791 censere
730 746 766 790 ea
789 729 829 791 ita
850 728 929 790 Fieri
949 728 969 790 i.
993 748 1021 790 v.
1045 745 1072 789 e.
1090 744 1116 789 e.
1131 745 1155 788 r.
1172 745 1199 807 p.
1216 724 1236 788 f.
1252 742 1279 789 s.
1295 744 1322 788 u.
1336 745 1365 790 c.

177 915 265 971 lrlenr
281 926 420 972 senatus
438 918 626 971 consultum
644 934 682 971 ax
701 918 923 971 restitutione
941 917 1257 986 Sigoniiseeunduru
1270 932 1366 986 grae-

579 1005 646 1040 caru
665 992 854 1041 versionem
873 988 970 1040 iacta.

287 1131 378 1190 rost.
403 1123 455 1211 [0.
486 1126 602 1191 Lutatio
625 1126 661 1201 Q.
684 1125 705 1189 i.
735 1126 837 1190 Catulo
867 1127 905 1190 ll.
935 1126 1061 1191 Aemilio
1085 1125 1119 1200 0.
1141 1125 1162 1189 f.
1189 1126 1229 1190 Μ.
1252 1124 1365 1208 lepido

179 1232 243 1279 cos.
266 1233 311 1296 pr.
334 1233 407 1278 vero
429 1213 542 1277 urbano
569 1221 599 1277 et
621 1214 780 1298 peregrino
802 1212 835 1276 t,
859 1214 1046 1277 Cornelio...
1062 1212 1081 1275 i.
1105 1212 1238 1290 Sisenna,
1260 1231 1366 1277 mense

177 1303 272 1381 maio,
298 1302 333 1375 Ο.
356 1301 488 1364 Lutatius
510 1302 545 1374 t).
567 1298 700 1364 Lutatius
724 1300 758 1375 Q.
783 1299 802 1362 i.
826 1300 943 1363 Catulus
966 1316 1027 1363 eos.
1051 1299 1088 1362 ad
1109 1307 1242 1364 senatum
1264 1307 1364 1364 rettu-

176 1389 212 1452 lit
233 1388 273 1452 Xl
294 1388 349 1452 lral.
378 1388 474 1451 lunias
495 1388 525 1449 in
551 1388 679 1451 comitio.
710 1386 873 1452 Scribeudo
903 1386 1049 1450 affuerunt
1069 1387 1102 1449 L.
1125 1386 1265 1450 Faberius
1287 1387 1320 1449 L.
1343 1386 1363 1449 i.

179 1474 294 1558 Sergia,
319 1473 402 1536 0....
424 1474 456 1536 L.
473 1473 500 1535 l.
522 1473 658 1555 Popilia,
681 1473 717 1548 t).
739 1474 868 1537 Petiliius
890 1474 923 1536 Τ.
947 1472 966 1536 i.
991 1474 1104 1557 Sergia.
1133 1472 1218 1547 Quod
1242 1475 1277 1547 0.
1300 1474 1365 1536 Lu-

176 1563 265 1625 tatius
287 1561 323 1636 0.
345 1560 366 1623 l.
390 1560 507 1623 Catulus
529 1577 591 1624 cos.
622 1559 823 1636 tremefecit,
853 1559 1058 1642 Asclepiadem
1088 1559 1190 1623 Philini
1211 1559 1233 1621 l.
1256 1559 1366 1625 Clazo-

176 1651 322 1726 meuium,
360 1647 556 1729 Polystratum
584 1649 718 1730 Polyarci
747 1647 766 1710 i.
797 1646 978 1730 Carystiunr,
1008 1646 1170 1709 Meniscum
1198 1647 1312 1710 irenaei
1343 1646 1364 1709 i.

177 1733 354 1817 adoptivum,
376 1734 523 1819 'l'bargelii
546 1733 565 1796 i.
579 1734 740 1798 naturalem
763 1730 960 1818 Moestum),
981 1734 1011 1797 in
1026 1734 1121 1796 classe
1136 1732 1266 1813 siluisse,
1285 1733 1365 1796 bello

176 1822 276 1887 ltalico
298 1823 428 1900 ineunte,
451 1839 503 1884 eos
526 1839 646 1903 operam
667 1821 775 1885 fortem
798 1839 833 1884 ac
855 1820 970 1883 fidetem
993 1822 1065 1902 reip.
1087 1827 1208 1884 nostrae
1227 1836 1364 1898 navasse,

177 1926 231 1974 eos
254 1928 294 1971 err
314 1927 338 1972 s.
363 1927 388 1970 c,
412 1924 482 1972 sese
512 1909 540 1969 in
570 1909 678 1989 patrias
707 1908 859 1990 recepisse
881 1906 974 1985 velle,
1004 1908 1049 1970 sei
1071 1909 1099 1969 ei
1121 1905 1273 1985 videmur,
1302 1906 1365 1969 utei

178 2013 236 2078 pro
258 1994 350 2060 rebus
372 1994 449 2056 bene
470 1996 583 2078 gesteis
605 1996 641 2057 ab
664 1996 708 2057 eis
730 2012 803 2077 erga
824 2012 916 2075 remp.
939 2001 1080 2072 nostruin,
1103 2011 1206 2057 eorum
1229 2010 1364 2057 comme-

176 2081 303 2145 moratio
331 2080 398 2157 fiat3
428 2079 456 2144 d.
479 2100 506 2143 e.
535 2099 560 2143 r.
583 2082 602 2143 i.
634 2077 699 2163 oi)
730 2080 933 2163 Asclepiadem
962 2081 1063 2143 Pbrlini
1092 2079 1111 2142 l.
1135 2080 1365 2160 Clazomenium,

177 2167 374 2250 Polystratum
405 2166 540 2248 Polyarci
566 2166 587 2229 l.
610 2165 791 2268 Carystium
821 2168 982 2231 ldeniscum
1010 2167 1124 2230 irenaei
1154 2166 1173 2229 i.
1196 2165 1365 2248 adoptivum

177 2254 336 2332 Milesium,
358 2254 520 2316 naturalem
542 2254 682 2336 Tasgetii,
704 2256 784 2317 uiros
806 2254 902 2318 bonos
918 2255 1087 2335 probosque
1110 2260 1140 2315 et
1161 2255 1290 2317 ameieos
1305 2254 1365 2315 de-

179 2341 304 2420 clarare,
323 2347 457 2403 senatum
479 2340 659 2422 peplumque
682 2358 832 2404 romanum
857 2342 1026 2404 emstimare
1048 2358 1151 2405 eorum
1170 2358 1290 2421 operam
1305 2341 1366 2403 bo-

178 2446 247 2491 nurn
269 2434 301 2489 et
320 2425 429 2491 fortem
452 2432 482 2488 et
502 2426 619 2489 fidelem
642 2428 714 2509 reip.
737 2434 858 2491 nostrae
880 2427 973 2491 inisse
980 2448 989 2504 3
1012 2445 1097 2508 quam
1117 2427 1155 2489 ob
1169 2445 1288 2491 causam
1309 2445 1365 2490 se-

177 2521 279 2579 natum
300 2513 431 2577 iudicare
453 2515 513 2576 utei
542 2513 581 2576 iei
608 2513 730 2577 leiberei
752 2516 941 2595 postereique
963 2532 1067 2578 eorurn
1089 2515 1119 2577 in
1142 2515 1222 2577 sueis
1243 2516 1367 2596 patricis

178 2602 323 2666 immunes
344 2619 446 2663 rerum
469 2602 597 2663 omniurn
620 2608 650 2664 et
672 2601 846 2665 tributorum
870 2609 1010 2682 expertes
1032 2603 1104 2676 sint3
1125 2602 1242 2681 siquae
1256 2602 1367 2664 tributa
1437 2646 1443 2657 .

179 2707 221 2752 ex
248 2687 353 2752 boneis
380 2705 483 2751 eorum
513 2694 618 2751 exacta
647 2696 731 2766 sunt,
760 2696 951 2769 posteaquam
980 2707 998 2750 e
1026 2689 1117 2770 patria
1147 2688 1221 2768 reip.
1244 2695 1366 2751 nostrae

179 2793 285 2840 caussa
307 2774 491 2854 dicesserint,
514 2777 575 2837 utei
597 2793 632 2837 ea
654 2777 750 2838 omnia
772 2776 816 2837 eis
837 2776 867 2836 in
889 2776 1033 2856 integrum
1055 2775 1256 2852 restituantur,
1275 2781 1307 2835 et
1320 2774 1366 2837 sei

179 2861 261 2944 quod
283 2859 477 2924 vadimonium
500 2863 666 2942 praeteriit,
697 2881 737 2923 ex
758 2878 818 2942 quo
841 2880 881 2922 ex
907 2863 998 2942 patria
1021 2860 1093 2942 reip.
1116 2867 1236 2927 nostrae
1258 2879 1365 2923 caussa

180 2948 383 3026 discesserint,
405 2948 454 3010 nei
475 2966 512 3010 ea
532 2966 583 3012 res
606 2950 650 3011 eis
673 2948 766 3013 fraudi
788 2949 835 3025 sit,
858 2948 945 3010 neive
967 2947 1036 3028 quid
1060 2950 1103 3011 eis
1126 2948 1164 3009 ob
1185 2946 1259 3010 banc
1273 2965 1364 3011 caus-

179 3053 243 3101 sam
265 3034 361 3097 miuus
383 3032 541 3115 debeatur,
570 3036 657 3097 neive
688 3034 756 3115 quid
785 3036 880 3097 minus
909 3035 954 3097 eis
977 3053 1077 3097 ernere
1107 3033 1237 3097 vendere
1259 3033 1357 3108 liceat3

180 3138 320 3205 quaeque
341 3119 521 3185 hereditates
543 3122 587 3184 eis
609 3123 691 3185 seiae
713 3121 850 3184 teibereis
873 3140 977 3184 eorum
999 3121 1201 3197 obvenerunt,
1229 3122 1291 3183 atei
1312 3138 1365 3183 eas

178 3210 305 3272 habeant
326 3206 497 3289 possideant
518 3207 729 3289 fruanturque3
752 3223 889 3289 quaeque
905 3208 980 3289 ipsei
994 3206 1261 3289 leibereiposterei
1283 3222 1372 3270 uiro·e

178 3313 290 3375 resque
320 3311 422 3358 eorum
444 3295 480 3357 ab
503 3293 561 3358 alio
584 3295 725 3373 emerint,
747 3296 829 3357 seive
853 3294 923 3375 quid
945 3293 981 3357 ab
1009 3296 1053 3356 cis
1075 3294 1195 3358 libereis
1217 3295 1366 3375 postereis

179 3376 341 3464 uxo[ribus
363 3399 466 3443 eorum
489 3379 536 3443 alii
558 3382 692 3458 emerint,
714 3382 774 3444 utei
796 3399 900 3444 eorum
922 3379 1082 3444 liberorum
1097 3399 1282 3459 uxorumque
1304 3398 1365 3443 eo-

174 3486 244 3555 ¹rum
265 3472 397 3549 potestas
420 3473 450 3528 et
472 3467 552 3547 optio
574 3469 612 3530 sit
618 3488 628 3543 3
650 3469 731 3531 seive
754 3468 783 3529 in
806 3468 923 3549 patricis
946 3467 1060 3549 legibus
1073 3468 1154 3530 sueis
1170 3461 1276 3549 uelint]
1291 3485 1365 3529 cer·

178 3562 255 3633 tare,
276 3554 360 3617 seina
382 3551 458 3634 apud
481 3554 669 3635 magistratus
694 3550 840 3637 [nastros
861 3554 939 3636 apud
961 3553 1072 3617 iudices
1087 3553 1212 3631 italicos,
1234 3555 1318 3617 seive
1335 3554 1365 3616 in

180 3643 299 3706 civitate
319 3638 412 3702 libera
440 3658 541 3703 earum
571 3659 648 3721 quaa
669 3659 766 3720 usqua
795 3640 831 3704 ad
854 3640 940 3703 linem
968 3640 996 3702 in
1018 3641 1142 3703 amicitia
1171 3639 1287 3722 populei
1310 3658 1367 3703 ro-

181 3729 280 3793 menei
302 3723 498 3810 manserunt]‚
519 3726 586 3789 ubei
609 3726 717 3804 velint,
740 3729 800 3791 utei
822 3726 880 3789 ibai
902 3726 1038 3789 iudicium
1061 3725 1099 3788 de
1120 3728 1163 3791 cis
1186 3727 1276 3789 rebus
1298 3726 1349 3789 fiat
1355 3747 1366 3803 3

179 3814 226 3881 sei
249 3833 308 3897 qua
331 3807 451 3896 [iudicia
476 3814 514 3876 de
537 3815 579 3877 eis
607 3815 777 3878 absentibus
800 3822 990 3895 posteaquam
1013 3834 1031 3874 e
1053 3816 1145 3894 patria
1175 3813 1367 3877 discesserint

178 3900 260 3966 facta
281 3907 363 3977 suut,
384 3918 419 3962 ea
441 3901 504 3964 utei
525 3901 555 3963 iu
577 3903 724 3983 integrum
746 3897 954 3983 restitua]ntur
977 3907 1007 3962 et
1029 3900 1067 3963 de
1089 3901 1206 3983 integro
1227 3899 1366 3964 iudicium

184 4006 225 4052 ex
245 4006 271 4053 s.
294 4005 319 4049 c.
342 3986 392 4049 fiat
399 4006 409 4063 3
439 3987 484 4050 sei
514 4005 587 4067 quas
616 3988 756 4069 pecunias
786 3983 934 4070 civ[itates
963 4005 1067 4050 eorum
1090 3986 1207 4068 publice
1228 3985 1366 4064 debeant,

180 4075 231 4138 nei
252 4073 322 4156 quid
344 4074 374 4135 in
396 4073 449 4137 bas
471 4076 610 4156 pecunias
633 4073 704 4136 dara
727 4072 861 4136 debeant.
890 4069 1093 4156 magistraque
1115 4074 1208 4136 nostri
1228 4075 1365 4151 quicom-

181 4178 244 4243 que
264 4161 365 4225 duam
386 4160 536 4233 Euboeam
556 4161 708 4241 lucebunt,
730 4160 895 4243 vectigalve
917 4160 1007 4226 Asiae
1029 4156 1186 4243 [Euboeae
1205 4160 1367 4242 imponent,

286 4411 315 4481 1)
333 4414 370 4468 ts·
387 4412 506 4484 Gottliup.
523 4415 637 4468 Priores:
654 4416 675 4467 ai
693 4416 717 4466 ei
736 4430 760 4466 v.
777 4414 795 4465 i.
821 4436 853 4446 -
877 4409 908 4478 2)
925 4412 962 4465 lta
979 4413 1046 4466 bunc
1070 4411 1153 4465 lecum
1170 4390 1315 4465 reduximus
1331 4414 1367 4463 ei

181 4485 308 4538 meda
324 4483 465 4549 enatum
492 4483 516 4535 S'
534 4486 607 4537 ouius
624 4486 691 4537 euim
708 4479 903 4543 duoaldiuerses
920 4481 1046 4535 lleuiseos
1062 4484 1186 4535 numbram
1201 4482 1300 4549 pumat
1315 4479 1370 4533 boe

181 4553 255 4624 loce,
277 4552 385 4609 alteram
401 4551 500 4608 benaci
544 4553 550 4567 '
599 4553 732 4621 ,atterum
750 4552 886 4622 lbarqslii.
908 4578 939 4593 ·-
958 4549 989 4618 3)
1006 4552 1040 4606 de
1055 4567 1089 4607 ea
1105 4568 1134 4607 ra
1150 4554 1188 4607 ita
1203 4558 1367 4606 maereat.

1268 4800 1286 4835 1
