3106 5122
483 406 551 471 §a
587 406 651 461 Acir
669 404 771 476 publicu
788 407 988 477 municipiorum.
1266 404 1332 474 m

136 566 199 632 cito
219 567 251 629 P.
273 565 311 628 X.
344 562 463 629 Eisdotn
493 564 600 629 ostium
630 564 751 631 introitu
782 566 822 645 iu
844 548 915 629 aiea
945 564 1028 647 qood
1058 584 1137 630 nune
1157 572 1207 632 est
1228 573 1259 631 et
1279 567 1330 631 fe·

135 662 256 718 nestros
279 655 405 734 quaein
428 653 540 733 pariete
562 659 685 734 proper
707 671 772 714 eam
802 670 900 715 aream
929 662 997 717 sunt
1018 656 1162 737 parietem
1183 657 1330 736 opstrnlto

134 751 168 805 et
189 741 307 823 parieti,
327 741 376 820 qui
396 757 477 802 nuno
498 745 545 803 est
566 746 688 821 propter
710 741 797 816 viam,
820 741 982 823 marginem
997 747 1172 823 perpetuum
1188 743 1330 824 inponite,

136 847 255 909 eosque
283 829 413 909 parietes
441 826 650 908 marginesqoa
686 844 805 905 omnes,
843 845 919 908 quoe
948 828 997 891 litu
1027 846 1087 891 non
1126 836 1214 891 erunt
1248 829 1331 892 calce

135 916 297 992 barnado,
325 914 374 976 lita
395 914 544 995 politaque
571 920 602 975 ot
625 910 708 975 calce
737 912 795 976 uda
826 912 961 976 dealbata
990 921 1073 978 recte
1101 914 1201 979 incito.
1245 915 1332 989 Quod

136 1018 215 1084 opus
235 1000 369 1064 structile
391 1000 442 1063 liet
462 1002 492 1062 io
514 1006 610 1078 terra,
641 1000 730 1063 caleis
752 1000 905 1064 restiaolai
930 1008 1044 1083 partem
1074 1009 1207 1085 quartam
1230 1002 1332 1080 indito,

134 1091 206 1152 nive
227 1089 370 1153 maiorem
392 1092 543 1151 memento
565 1087 690 1165 struite,
719 1106 806 1167 qnam
836 1106 913 1169 quae
944 1095 1094 1151 caementa
1124 1088 1196 1151 auda
1222 1088 1333 1171 pendat

134 1177 168 1240 Ρ.
184 1176 259 1252 XV„
281 1176 349 1236 nivo
363 1173 514 1257 ongolarla
528 1174 662 1238 altiorem
684 1192 713 1234 =
728 1179 789 1245 ες
811 1172 900 1237 tacito
913 1171 951 1257 ¹),
973 1174 1132 1256 locumque
1151 1194 1257 1257 purum
1276 1194 1331 1257 pro

134 1280 231 1344 opere
253 1260 378 1325 reddllo.
421 1261 524 1323 Eidem
553 1262 661 1324 sacella
691 1279 756 1324 aras
786 1261 940 1342 signaque,
964 1280 1042 1343 quae
1064 1263 1093 1324 in
1115 1281 1219 1344 campo
1252 1270 1331 1342 sunt,

135 1366 217 1430 quae
240 1347 441 1412 demonstrata
461 1354 565 1427 eruut,
595 1366 630 1410 ea
658 1350 757 1413 omnin
783 1348 890 1426 tollito,
913 1347 1041 1425 delente,
1065 1351 1243 1429 componito,
1264 1358 1331 1413 sta·

134 1439 274 1517 miteque
301 1437 370 1498 ubei
398 1436 482 1498 leons
512 1435 728 1498 demonstratus
760 1436 834 1512 erit,
864 1434 1047 1497 duumvirum
1076 1436 1224 1499 arbitrato.
1268 1435 1332 1499 lloe

134 1541 213 1604 opus
235 1540 323 1585 omno
344 1522 435 1585 facito
457 1521 598 1585 arbitrato
620 1521 734 1585 dirovio.
759 1530 789 1584 et
810 1518 1058 1604 duoviratinm²)‚
1081 1523 1131 1602 qui
1154 1524 1182 1585 in
1205 1523 1330 1587 consilio

134 1628 206 1672 esse
228 1609 325 1672 solent
346 1607 483 1686 Puteolis,
507 1607 575 1671 duna
597 1609 627 1670 ni
649 1610 744 1671 ninus
765 1609 869 1689 viginti
891 1608 1015 1687 adsient,
1037 1626 1105 1671 curn
1124 1627 1162 1673 ea
1181 1626 1231 1672 res
1252 1627 1330 1673 con-

134 1697 260 1761 suletur.
304 1694 391 1770 Quod
412 1710 517 1758 eorum
539 1697 643 1777 viginti
664 1696 751 1757 iurati
769 1697 969 1776 probaverint,
991 1696 1116 1777 probum
1132 1703 1208 1759 esto.
1243 1695 1332 1769 Quod

134 1785 191 1846 icis
217 1783 464 1863 improbaverim,
494 1783 658 1864 inprobum
688 1789 763 1844 esto.
807 1782 878 1845 Dies
900 1780 1000 1864 operis
1022 1780 1056 1845 ll.
1079 1783 1240 1847 Novembr.
1263 1784 1330 1865 pri-

133 1872 220 1933 meis.
265 1870 336 1932 Dios
364 1887 491 1952 peona:
520 1886 589 1950 pars
619 1867 736 1932 dimidia
766 1867 899 1947 dabitur,
930 1869 1000 1932 obei
1017 1869 1138 1951 praedia
1160 1871 1232 1932 sotis
1253 1870 1331 1933 sub·

133 1958 252 2041 signata
274 1964 377 2031 ernnt3
399 1957 491 2020 altera
514 1974 582 2037 pars
603 1955 719 2018 dimidiu
733 1957 873 2019 sebon
890 1973 982 2037 opere
1001 1956 1111 2019 eileclo
1134 1957 1329 2037 probatoque.

240 2070 271 2132 C.
294 2069 409 2132 blosius
433 2070 467 2145 Q.
489 2068 520 2131 F.
543 2068 590 2131 HS
613 2068 671 2135 ClO
693 2069 727 2132 D.
750 2068 890 2150 idemque
911 2088 999 2151 praes
1022 2069 1057 2144 Q.
1079 2068 1208 2135 Fuficius
1229 2069 1264 2145 Ο.
1287 2070 1330 2154 b,

134 2158 189 2222 Cn.
211 2157 346 2220 Tattaios
369 2157 404 2233 Q.
427 2156 472 2234 lb,
495 2152 526 2219 G.
550 2156 674 2220 &anius
696 2154 726 2218 G.
749 2156 781 2220 F.
805 2156 848 2220 Ti.
872 2155 1044 2221 Crassicius.

243 2298 336 2356 1752.
673 2296 735 2360 Col.
772 2296 793 2360 l.

240 2445 351 2462 ......
374 2398 559 2464 laudabiliter
580 2398 699 2466 functus
717 2447 807 2464 .....
827 2401 1010 2464 incrementa
1033 2398 1114 2484 digni
1126 2448 1134 2464 .
1147 2448 1155 2466 .
1169 2450 1176 2465 .
1191 2402 1330 2466 ..mani-

133 2487 213 2552 festa
235 2504 306 2568 spes
326 2532 413 2549 .....
432 2487 532 2551 ficana
552 2496 665 2573 gratam
684 2534 773 2552 .....
796 2507 883 2571 quaro
909 2489 1036 2552 industri
1058 2534 1150 2552 .....
1170 2489 1278 2554 levavit
1299 2499 1331 2555 et

135 2576 233 2657 torgis
252 2620 344 2638 .....
363 2575 420 2637 ian
442 2573 538 2655 plebis
558 2622 649 2638 .....
671 2582 740 2638 ntor
766 2575 833 2656 plac
852 2622 940 2638 .....
959 2582 990 2637 et
1014 2576 1072 2638 tab.
1096 2592 1218 2640 aeneam
1234 2621 1326 2641 .....

135 2681 200 2726 rena
224 2681 252 2743 p.
274 2663 479 2743 ergo.....l
502 2662 536 2725 ll.
566 2663 600 2724 H.
623 2663 643 2724 l.
666 2658 789 2744 qood)
818 2665 938 2743 corceio
966 2664 1004 2725 de
1031 2662 1119 2727 cobis
1148 2664 1329 2745 nomentio

134 2750 208 2814 awai
231 2766 336 2811 emona
357 2757 448 2813 omae
469 2750 530 2812 iem
551 2751 591 2811 ob
613 2769 648 2812 co
669 2750 826 2830 splendide
845 2750 1038 2812 administra-

675 2896 736 2961 Cot.
766 2897 795 2959 2.

134 3027 197 3084 nnn
220 3032 312 3083 rusus
332 3018 490 3082 subeundo
520 3020 663 3083 meruerit
692 3026 721 3081 ct
740 3026 859 3081 statuae
880 3016 995 3082 bonore
1017 3025 1174 3084 contentos
1194 3025 1330 3100 sumptos

130 3107 289 3170 mimi
308 3124 374 3169 cum
394 3107 432 3170 D.
455 3106 490 3169 E.
515 3108 553 3170 lt.
563 3103 596 3191 ⁴)
609 3106 728 3187 publice
744 3107 958 3169 decerneretur
972 3107 1001 3169 in
1015 3105 1049 3168 E.
1065 3107 1099 3169 V.
1115 3108 1150 3183 Ο.
1167 3108 1188 3171 l.
1203 3107 1234 3170 S.
1248 3107 1279 3168 S.
1290 3102 1330 3189 ⁵).

243 3387 272 3455 i]
287 3398 345 3443 nota
355 3401 413 3443 ante
428 3390 534 3443 verbnm
549 3390 626 3453 [acite
637 3390 759 3457 significat
770 3397 888 3458 qraattuer
896 3390 983 3440 uncias
993 3390 1051 3440 citui
1059 3387 1204 3440 semiuncia.
1222 3383 1262 3438 ba
1272 3387 1330 3438 uui-

136 3475 216 3515 vem
224 3460 275 3512 hec
283 3459 341 3512 loeo
352 3461 413 3513 iude
421 3478 437 3513 a
446 3461 545 3513 verbis:
558 3460 627 3521 Quod
635 3459 812 3526 consumendo
821 3468 869 3512 cet.
880 3459 991 3521 luboino,
1004 3461 1190 3527 qnieocmcnto,
1199 3456 1331 3522 avolucia

136 3548 187 3602 pro
195 3532 342 3583 accusativo
350 3539 509 3593 emmenum,
518 3529 684 3594 calmisciaco,
698 3537 724 3579 ut
733 3545 810 3596 aalma
818 3530 912 3597 pariete
924 3545 970 3595 pro
981 3531 1108 3596 parmeno,
1121 3529 1223 3592 occipit,
1235 3530 1269 3577 itu
1282 3542 1330 3577 ex-

137 3602 212 3670 ponit
229 3599 360 3664 (Bulletia.
378 3600 523 3666 orebeolog.
543 3599 617 3650 1841.
637 3616 661 3665 p.
676 3595 742 3662 11.);
763 3598 866 3661 „Totum
886 3598 966 3650 locunt
979 3601 1016 3649 sio
1029 3597 1148 3663 intellige.
1166 3595 1234 3663 Opus
1247 3604 1330 3647 strue·

137 3672 184 3724 tile
202 3672 243 3721 eui
262 3667 369 3721 solidum
388 3672 531 3737 opponitur,
550 3668 617 3737 quod
637 3684 668 3719 ex
686 3684 735 3719 una
753 3670 858 3719 rnaterio
877 3668 970 3718 lactum
989 3675 1036 3730 est,
1053 3667 1156 3717 struitur
1174 3681 1189 3716 e
1205 3663 1330 3715 calcanei

138 3739 256 3808 simplice
274 3738 317 3790 vel
334 3747 401 3791 terro
420 3740 546 3799 aduoluta,
566 3746 641 3805 atque
660 3740 810 3800 caementis3
828 3735 895 3806 qnod
914 3745 941 3787 ut
959 3745 1029 3787 recte
1047 3735 1105 3799 liat,
1124 3733 1273 3802 praescribit
1289 3733 1331 3785 lex

137 3810 277 3862 redemtori
294 3809 416 3860 rutioonn
434 3824 483 3877 quur
501 3808 597 3859 calcem
616 3815 699 3859 terrae
717 3810 827 3858 miscent.
862 3806 942 3858 locos
954 3807 1077 3869 igitursle
1089 3804 1242 3869 iuupeudas:
1260 3804 1330 3872 quod

138 3895 205 3947 opius
222 3878 335 3930 structile
353 3878 397 3930 liet
413 3881 439 3930 in
456 3887 526 3931 terro
544 3877 619 3928 calcis
637 3878 771 3929 restinctae
790 3884 887 3943 partera
899 3884 1014 3943 quartam
1026 3874 1116 3937 indito‚·
1131 3890 1197 3925 neve
1209 3874 1331 3925 atriorem

138 3958 298 4000 caementum
317 3950 415 4011 struite,
433 3964 508 4015 quam
527 3962 591 4017 quae
609 3956 740 3998 caementa
759 3946 819 3998 ardo
837 3945 932 4013 pendat
950 3944 1028 4011 pedes
1047 3943 1091 3993 llll
1110 3940 1175 3995 eto“
1205 3941 1331 3994 Zauouius

138 4027 228 4069 contra
246 4014 324 4068 verbo
342 4018 398 4067 niue
415 4017 532 4067 manaem
551 4034 607 4068 cnm
625 4016 831 4069 antecedentibus
850 4014 987 4079 coniungit,
1005 4013 1137 4079 sequentia
1156 4014 1190 4063 ito
1208 4012 1329 4078 explicat:

139 4095 271 4140 caemento
289 4086 361 4154 (lege
379 4083 529 4149 coccinatos)
547 4089 643 4149 strolto,
681 4101 788 4152 nomque
807 4080 870 4148 (leg.
883 4082 1002 4150 quaeque)
1021 4090 1149 4133 caementa
1162 4080 1223 4131 arda
1237 4080 1330 4148 pendat

139 4159 168 4210 P.
185 4156 272 4208 xv...
290 4158 350 4208 uiuo
367 4155 496 4223 angularia
515 4153 587 4222 (lege
604 4104 773 4221 musionium
799 4152 915 4205 altiorum
933 4161 983 4204 etc.
1003 4177 1033 4187 —
1054 4151 1193 4203 Briaooniao
1210 4164 1255 4217 pro
1273 4151 1330 4202 niue

138 4227 260 4297 maim
277 4225 353 4279 babet
369 4228 440 4278 oiooe
462 4226 587 4277 ηιαὶονωιι.
622 4225 715 4277 Forma
736 4224 801 4276 crdo
823 4231 862 4275 ost
886 4238 933 4288 pro
956 4221 1037 4275 osirin
1071 4243 1101 4255 -
1133 4220 1163 4283 2)
1186 4220 1330 4271 daaoriruteo

139 4308 199 4349 cunt
217 4298 258 4364 qui
276 4311 381 4347 munere
403 4296 590 4347 doomvirornrn
614 4296 727 4345 defuncti
745 4302 809 4345 snut.
844 4290 922 4343 Erunt
947 4293 989 4357 qui
1015 4291 1169 4342 coniicereot
1193 4288 1329 4355 legendum

139 4382 211 4418 ease:
229 4364 402 4416 dnmroiinm.
427 4365 478 4416 Sed
495 4363 578 4414 tabula
590 4363 673 4415 'babet
691 4372 759 4414 certa
777 4363 900 4428 scripturn
918 4358 1067 4427 insculptum
1086 4358 1196 4431 Guaripo
1214 4367 1240 4410 et
1259 4357 1328 4409 Zair-

139 4438 218 4489 nonie
236 4435 340 4486 testibus
357 4435 531 4486 duovirotiunt.
551 4432 578 4483 V.
596 4432 729 4484 Forcellin.
747 4449 767 4483 a
785 4432 938 4483 duoviratus.
959 4455 990 4463 -
1009 4426 1038 4494 3)
1057 4427 1235 4497 supplementa
1253 4424 1288 4477 Ca
1308 4429 1330 4477 ri

140 4514 169 4558 ot
185 4505 275 4557 Pistilii
291 4512 357 4566 suot
374 4520 446 4556 nnn
463 4504 555 4555 vitiose
573 4518 620 4569 pro
636 4519 726 4555 nomo.
746 4527 776 4539 ·-
796 4498 826 4566 8)
844 4501 876 4551 de
895 4515 926 4553 ea
943 4515 980 4551 re.
1000 4522 1031 4533 -·
1050 4496 1079 4564 t)
1098 4443 1329 4550 lacaedemonios

141 4590 208 4646 qaue
226 4574 294 4629 inira
309 4576 402 4642 scripta
419 4581 483 4629 anot.
1369 4574 1372 4581 '
