3106 5122
235 457 299 523 360
566 454 643 508 laser.
660 452 791 521 profanae.
826 451 887 523 Cap.
903 451 936 506 ll.
972 450 1090 505 Talanlae.

234 615 323 680 tanda
347 612 468 699 [edictis
490 614 641 697 proposui.
677 612 866 696 Magistratus
888 617 919 674 et
940 608 1114 675 sacerdotes
1136 607 1299 675 commodis
1314 610 1429 697 etdig-

235 706 325 767 nitate
347 704 425 765 auxi.
470 702 595 764 Plebem·
612 700 711 763 multis
742 699 892 762 benefieiis
914 698 1008 761 affeci.
1048 698 1094 761 Ob
1117 716 1152 761 ea
1174 700 1279 763 merita
1306 707 1429 763 senatus

236 791 377 868 decrevit,
399 797 432 851 nt
454 806 508 870 per
530 794 667 868 quattuor
688 786 865 868 amplissima
887 785 1012 867 collegia
1033 784 1268 866 sacerdotesque
1295 785 1429 867 reliquos

235 886 267 941 et
296 896 352 960 per
381 883 472 940 totam
501 875 611 937 ltaliam
633 881 664 934 et
686 874 910 954 municipiorum
941 874 1147 935 universorum
1177 872 1284 955 templa
1312 872 1430 955 snppli-

236 973 356 1028 caretur
378 963 454 1044 apud
477 962 573 1024 omnia
595 960 757 1042 pulvinaria
778 978 833 1042 pro
855 959 1025 1023 valetudine
1047 977 1122 1036 mea,
1144 977 1313 1041 nomenque
1331 979 1430 1023 meum

237 1052 382 1115 inclusum
405 1056 452 1111 est
474 1050 502 1110 in
526 1048 638 1111 Saliare
660 1065 780 1110 carmen
803 1053 834 1108 et
856 1053 1065 1131 sacrosanctas
1080 1046 1226 1110 iudicatus
1240 1065 1316 1125 snm,
1337 1065 1430 1128 prae-

236 1146 380 1219 tereaque
404 1136 556 1198 tribunicia
579 1140 711 1216 potestas
733 1134 800 1196 milri
824 1132 945 1197 consult
967 1132 1155 1199 undecimum
1174 1151 1241 1197 cum
1255 1132 1308 1195 Cn.
1323 1133 1430 1197 Pisone

236 1227 343 1289 iterum
366 1225 394 1285 in
418 1229 593 1304 perpetuum
624 1220 718 1283 delata
742 1228 797 1283 est.
831 1219 943 1300 Populo
972 1237 1114 1282 summum
1146 1219 1345 1284 sacerdotium
1373 1222 1431 1283 de-

236 1312 353 1374 ferente
374 1310 461 1386 milri,
490 1307 570 1391 quod
594 1314 678 1388 pater
706 1325 791 1369 mens
821 1310 1010 1386 procuravit,
1039 1307 1158 1387 suscepi
1181 1307 1210 1369 id
1232 1308 1431 1371 sacerdotium

237 1400 348 1480 aliquot
375 1402 443 1478 post
464 1412 558 1459 annos
580 1412 618 1457 eo
641 1399 774 1471 rnortno,
805 1395 854 1474 qui
877 1401 944 1474 post
966 1399 1081 1473 patrem
1104 1412 1201 1455 meum
1224 1392 1293 1457 illnd
1316 1413 1431 1476 procn-

237 1493 364 1562 caverat,
387 1491 492 1545 cuncta
515 1500 555 1544 ex
576 1481 656 1543 ltalia
678 1487 746 1542 vota
769 1479 960 1543 ullerentibus
978 1480 1130 1561 municipis
1146 1499 1186 1542 ex
1202 1482 1430 1558 consuetudine,

237 1580 346 1654 quanta
367 1571 479 1635 Romae
508 1586 655 1649 nunquam
683 1575 752 1630 ante
782 1567 859 1630 lacta
889 1584 958 1629 esse
980 1574 1137 1630 narramur
1167 1566 1199 1630 P.
1220 1568 1370 1649 Sulpicio,
1400 1569 1430 1631 C.

238 1659 342 1743 Valgio
369 1656 555 1721 Consulibus.

344 1777 434 1842 Aram
456 1778 605 1840 Fortunae
634 1776 770 1839 salutaris
798 1794 892 1857 prope
919 1774 1022 1838 aedem
1052 1775 1178 1839 Honoris
1200 1783 1231 1838 et
1253 1775 1375 1842 Virtutis
1397 1777 1433 1840 ad

236 1874 351 1949 portam
379 1867 526 1946 Capenam
549 1882 604 1945 pro
626 1863 722 1926 reditu
745 1881 811 1925 meu
840 1864 869 1925 in
893 1863 996 1926 urbem
1024 1871 1145 1929 senatus
1176 1866 1375 1943 consecrarit,
1404 1866 1432 1927 in

238 1974 297 2035 qua
319 1951 474 2033 pontifices
505 1957 535 2012 et
560 1949 734 2014 sacerdotes
764 1950 994 2013 anniuersarium
1024 1950 1200 2012 sacrificinm
1230 1950 1365 2015 iacerent
1395 1952 1432 2015 ob

238 2041 364 2103 salutem
388 2058 482 2101 meam
505 2044 719 2107 conservatam.
765 2037 822 2099 Pro
845 2036 941 2100 reditu
963 2054 1030 2099 mco
1053 2039 1082 2099 in
1105 2037 1208 2100 urbem
1231 2054 1270 2098 ex
1285 2046 1433 2101 transma-

237 2127 309 2190 rinis
325 2126 472 2207 provincis
488 2131 610 2187 senatus
633 2124 818 2186 consecrarit
835 2141 915 2186 aram
937 2123 1086 2186 Fortunae
1108 2123 1230 2202 Reduci,
1253 2132 1283 2187 et
1305 2126 1433 2207 quodie

237 2213 341 2275 nrbern
371 2213 543 2288 intrassem,
574 2212 659 2273 iussit
689 2228 758 2273 esse
788 2208 879 2272 ferias
902 2256 1016 2273 .......
1046 2209 1137 2273 Aram
1165 2211 1249 2274 Pacis
1272 2213 1300 2274 in
1329 2230 1433 2293 campo

238 2299 343 2364 Martio
367 2299 404 2360 ob
427 2316 477 2361 res
499 2300 530 2360 in
552 2296 688 2380 Hispania
718 2296 869 2377 Galliaque
894 2298 1053 2379 provinciis
1082 2315 1225 2378 prospere
1255 2306 1358 2380 gestas
1382 2319 1434 2363 se-

238 2394 326 2451 natus
349 2385 535 2449 consecravit
558 2385 621 2446 Tib.
644 2384 775 2461 Nerone,
798 2382 828 2444 P.
851 2383 1007 2457 Quinctilio
1031 2383 1097 2447 Cos.
1118 2386 1270 2467 rlramque
1284 2385 1434 2449 Fortunae

239 2472 350 2536 Reduci
374 2471 480 2534 eodem
501 2489 578 2534 anno
600 2477 722 2533 senatus
744 2489 799 2553 pro
823 2470 918 2533 reditu
941 2488 1008 2534 mco
1032 2472 1218 2535 consecravit
1239 2471 1277 2534 ad
1298 2491 1433 2555 campum

238 2560 384 2638 lilartium,
406 2560 436 2621 in
460 2577 519 2640 qua
541 2560 727 2640 nragistratus
750 2565 778 2620 et
800 2557 973 2621 sacerdotes
995 2577 1050 2640 pro
1068 2559 1162 2622 salute
1178 2577 1244 2621 mea
1259 2559 1433 2623 sacrificium

239 2647 472 2711 anniversarium
495 2645 629 2709 iacerent
652 2691 728 2708 .....
753 2663 873 2708 cussum
888 2652 970 2708 esset
1078 2641 1161 2728 quin]
1184 2664 1239 2727 per
1260 2652 1353 2709 tolum
1375 2647 1433 2709 im-

237 2736 352 2817 perinm
382 2733 482 2816 populi
510 2734 623 2796 romani
652 2738 736 2814 parta
766 2739 829 2794 erat
860 2740 938 2794 terra
969 2733 1101 2812 marique
1123 2752 1191 2815 pax.
1226 2727 1376 2815 Cum[qne
1397 2735 1433 2796 ab

236 2822 314 2883 urbe
335 2820 453 2884 condita
475 2828 543 2882 ante
566 2815 628 2902 me]
654 2817 754 2881 lanum
777 2820 930 2892 Quirinum
960 2818 1004 2880 bis
1028 2820 1145 2882 omnino
1177 2818 1307 2882 clausurn
1339 2818 1432 2883 fnisse

239 2907 381 2988 prodatur
396 2908 568 2985 memoriae,
590 2915 700 2969 terme
738 2907 850 2986 rineipe
872 2913 993 2968 senatus
1013 2905 1207 2969 claudendum
1223 2924 1293 2969 esse
1308 2911 1431 2970 censuit.

239 2994 327 3056 Filios
349 3012 450 3072 meos,
481 3011 557 3075 qnos
579 2992 695 3056 sinistra
719 2924 869 3076 floriana]
899 2992 968 3054 mihi
998 2993 1120 3073 eripuit,
1151 3011 1253 3056 eornm
1278 2992 1381 3056 Gaium
1402 3000 1432 3055 et

145 3116 149 3127 ·
193 3142 197 3148 ,
240 3080 360 3250 Lucirim
384 3081 545 3161 Caesares,
576 3076 749 3163 [postquam
781 3086 938 3162 utrumque
968 3078 1077 3144 Consul
1105 3081 1171 3162 ipse
1198 3081 1227 3142 in
1254 3078 1352 3144 iorum
1374 3079 1431 3143 de·

241 3165 312 3230 duxi
339 3213 347 3246 ,

774 3306 844 3368 Falr.
868 3303 911 3369 lll.

240 3425 361 3490 honoris
384 3427 441 3489 mei
464 3444 552 3490 cansa
575 3434 696 3490 senatus
726 3427 912 3509 populusque
941 3444 1080 3491 romanus
1110 3443 1217 3491 annum
1246 3428 1380 3508 quintum
1403 3436 1431 3490 et

241 3512 385 3577 decimum
415 3514 531 3596 agentis
555 3512 699 3577 Consules
729 3515 913 3598 designavit,
944 3524 976 3579 ut
999 3534 1067 3577 eum
1097 3516 1298 3598 magistratum
1326 3517 1432 3580 inirent

239 3608 308 3683 post
330 3601 575 3681 quinquennium,
597 3607 627 3662 et
649 3619 688 3662 ex
711 3619 749 3665 eo
773 3602 819 3663 die
843 3620 902 3683 qno
926 3600 1045 3664 deducti
1068 3609 1135 3665 snnt
1157 3603 1186 3664 in
1208 3600 1306 3665 lorum
1330 3610 1362 3666 nt
1383 3604 1430 3666 in·

240 3694 391 3751 lacessent
412 3687 540 3750 consiliis
563 3686 703 3770 publicis,
731 3688 863 3750 decrevit
890 3696 1020 3752 senatus.
1055 3689 1177 3771 Equites
1200 3695 1297 3752 antem
1319 3690 1430 3754 romani

241 3775 371 3839 uniuersi
394 3774 553 3856 principem
575 3776 733 3838 iuventutis
764 3782 922 3859 utrumque
951 3794 1055 3860 eorum
1085 3778 1192 3857 parm'u
1215 3782 1245 3839 et
1266 3775 1359 3842 hastis
1382 3796 1432 3841 ar·

240 3863 356 3944 genteis
379 3862 518 3925 donatum
540 3861 772 3944 appellaverunt.

343 3983 443 4046 Plebei
471 4001 611 4047 romanae
640 3984 746 4048 viritim
773 3982 820 4049 HS
842 3992 983 4050 trecenos
1012 3986 1165 4049 numeravi
1195 4002 1235 4048 ex
1256 3992 1431 4051 testamemo

240 4068 333 4150 patris
354 4072 412 4132 mei
434 4079 466 4134 et
487 4073 604 4133 nornine
625 4089 693 4134 meo
716 4071 936 4155 quadringenos
965 4091 1005 4136 ex
1026 4073 1170 4141 bellorum
1192 4074 1327 4137 manibiis
1350 4074 1432 4138 Cun-

240 4154 289 4218 snl
311 4157 441 4235 quintum
464 4156 533 4220 dedi
540 4176 550 4233 3
578 4159 684 4223 iterum
705 4167 803 4222 antem
825 4161 855 4223 in
878 4160 1030 4224 consulatu
1059 4159 1174 4225 decimo
1195 4178 1236 4222 ex
1257 4162 1432 4242 patrimonio

240 4259 308 4305 meo
330 4242 375 4307 llS
397 4244 616 4329 quadringenos
638 4246 769 4328 congiari
792 4248 896 4310 viritim
919 4248 1126 4328 pernumerari
1149 4254 1180 4310 et
1201 4246 1315 4311 Cenem
1335 4248 1431 4311 uude-

242 4328 349 4392 cimnm
373 4328 530 4395 duodecim
552 4331 794 4396 frumentationes
818 4331 966 4397 frumento
988 4335 1123 4417 privatim
1141 4341 1278 4416 coempto
1292 4352 1431 4399 emensus

240 4432 306 4479 snm
329 4423 360 4480 et
381 4419 533 4483 tribunicia
548 4426 694 4500 potestate
709 4418 913 4484 duodecimum
930 4420 1151 4505 quadringenos
1164 4439 1299 4486 nummos
1312 4423 1430 4486 tertium

241 4503 348 4567 viritim
377 4502 462 4583 dedi,
492 4524 570 4586 quae
599 4525 663 4570 mea
692 4508 842 4590 congiaria
870 4516 1071 4588 pervenerunt
1100 4507 1137 4571 ad
1167 4508 1317 4572 hominnm
1345 4509 1431 4573 nullia

241 4606 389 4674 nunqnam
411 4593 504 4658 minus
527 4593 737 4677 qninquaginta
759 4600 790 4658 et
810 4594 947 4659 ducenta.
981 4595 1168 4660 Tribuniciae
1183 4597 1337 4678 potestatis
1352 4596 1431 4661 duo·
