3106 5122
609 468 634 534 ς
652 466 677 522 2.
711 464 819 527 &natus
834 469 957 523 consata.
1312 465 1378 533 293
1403 534 1408 561 1

189 631 333 691 caverent
354 626 402 690 nei
425 624 496 690 dare
519 616 683 704 deberem,
712 632 742 690 et
763 625 826 690 ntei
856 625 890 700 0.
915 622 1291 711 transsumpsisse
1314 638 1378 691 ons.

189 734 217 778 a.
241 734 268 777 a.
292 732 316 778 s.
347 732 374 776 e.
397 733 424 776 v.
440 711 468 797 ¹)
498 731 551 777 eos
581 715 610 777 in
642 715 809 777 nmeioorau
841 711 992 777 formulam
1022 713 1202 778 reiernudos
1230 719 1379 792 curarent,

189 796 312 884 eis[que
335 818 446 865 aenens
469 800 580 863 tabulas
602 801 744 863 amicitiae
766 801 795 862 in
819 800 959 881 Capitolio
984 818 1097 881 ponere
1125 799 1360 879 sacrificiumque

189 889 292 950 lacere
314 887 435 965 liberet,
461 903 625 964 munusque
648 887 691 948 eis
715 906 754 948 ex
776 885 900 950 lormula
922 885 1018 949 locum
1040 886 1194 966 lautiaque
1220 904 1249 965 q.
1272 883 1358 950 urb.²

190 976 236 1036 eis
259 972 359 1036 locare
381 969 575 1056 mittereq[ue
597 973 749 1049 inbereut;
778 974 884 1050 seique
915 971 952 1034 de
975 973 1065 1036 rebus
1086 975 1149 1037 suis
1172 969 1297 1056 legatei]
1320 990 1379 1036 ve·

189 1061 276 1123 neire
297 1059 422 1139 vellent,
451 1061 512 1123 utei
542 1060 585 1122 eis
607 1058 747 1123 leilereis
777 1059 984 1140 postereitqne
1012 1078 1116 1123 corum
1138 1060 1253 1143 legatos
1275 1060 1380 1123 venire

147 1162 152 1199 ³
189 1149 366 1225 mittereque
386 1146 506 1222 liceret;
528 1146 590 1209 utei
613 1144 649 1219 Q.
674 1139 821 1227 [Lutatius
843 1147 882 1210 Μ.
904 1144 1046 1209 Aemilius
1069 1165 1130 1210 cos.
1154 1166 1180 1208 a.
1203 1141 1245 1228 a]
1268 1146 1313 1211 sei
1335 1145 1380 1211 eis

190 1229 261 1315 ul)
284 1234 394 1296 litteras
417 1233 453 1296 ad
482 1234 671 1314 magistratus
694 1240 831 1310 nostros,
860 1233 929 1310 quet
958 1233 1058 1296 Asiam
1080 1231 1282 1296 Macedoniarn
1303 1252 1380 1315 pro·
1423 1288 1432 1307 ,

190 1321 303 1384 vincias
326 1321 474 1402 optinent,
495 1327 525 1382 et
546 1317 583 1381 ad
607 1320 792 1401 magistratus
809 1337 919 1389 eorum
949 1315 1124 1402 mitt[ereut,
1145 1324 1280 1382 senatum
1302 1320 1379 1396 uelle

189 1402 238 1491 et]
262 1423 388 1487 aequom
411 1424 538 1470 censere
560 1423 597 1468 en
618 1406 660 1470 ita
681 1405 803 1468 suereii
829 1425 857 1469 u.
882 1425 909 1468 e.
933 1423 960 1468 e.
983 1425 1007 1468 r.
1031 1426 1059 1488 p.
1082 1404 1102 1469 i.
1125 1422 1150 1469 s.
1173 1425 1201 1468 v.
1225 1423 1250 1468 c.
1259 1402 1291 1491 ⁴)

238 1595 382 1651 Senatus
400 1596 560 1651 consulta
578 1596 639 1653 dun
657 1596 895 1719 Dedaediiiiciie
910 1597 1139 1666 negotatinnis
1156 1610 1255 1649 causa
1272 1610 1333 1649 nou

722 1683 813 1720 renen
842 1683 880 1719 rs.

298 1809 390 1866 1692.
434 1810 578 1883 Utrumque
607 1816 715 1866 sanatus
745 1811 893 1866 consultum
923 1809 950 1867 in
980 1810 1074 1867 eadem
1104 1808 1193 1866 tabula
1222 1824 1305 1866 aenea
1334 1808 1379 1866 iu-

188 1897 321 1971 snulpttuu
343 1897 413 1953 inter
434 1896 523 1953 ruinas
546 1896 703 1953 Herculanei
726 1896 818 1970 oppidi
841 1897 947 1968 eliossa,
971 1914 1039 1970 qnae
1057 1898 1082 1953 in
1098 1895 1293 1970 possessiouem
1308 1896 1379 1954 ttet-

188 1985 261 2041 tluuei
284 2002 299 2040 a
322 1984 411 2058 Capua
436 1984 637 2040 Connltaoomm
659 1982 785 2057 principia
808 1985 895 2040 cessit.
917 1984 1037 2041 Alterum
1062 2000 1130 2040 anno
1153 1982 1213 2039 801
1239 2001 1264 2040 u.
1285 2000 1309 2041 c.
1331 2001 1380 2041 as·

189 2071 348 2144 signandum
370 2076 422 2142 est,
444 2071 558 2127 alterum
581 2086 651 2127 auno
667 2068 738 2126 809.
767 2070 928 2128 Edidetnnt:
951 2071 997 2127 lul.
1020 2070 1119 2127 Caesar
1140 2069 1285 2145 Cupaeoins
1298 2064 1380 2149 (An-

188 2158 302 2229 tiquitat.
332 2164 359 2214 et
382 2157 480 2215 histor.
505 2157 704 2231 Neapolitanae.
739 2156 848 2231 Neapol.
874 2156 1017 2215 16014.
1054 2158 1108 2215 lio.
1131 2156 1163 2213 ll.
1196 2174 1219 2214 o.
1243 2148 1302 2234 9),
1332 2157 1381 2217 un.

188 2244 326 2301 licinanius
356 2236 513 2323 (syntagm.
543 2243 672 2317 inscriptt.
703 2261 729 2317 p.
752 2244 824 2299 475.
863 2244 949 2318 Epist.
980 2245 1012 2300 ud
1035 2245 1142 2318 liupert.
1171 2262 1197 2318 p.
1221 2235 1313 2323 392.)
1335 2244 1381 2317 qul

188 2337 298 2406 praeter
321 2329 558 2406 capuccinorum
581 2330 634 2387 alio
657 2331 782 2404 exemplo
806 2347 821 2386 e
843 2332 932 2387 tabula
949 2331 1108 2406 transcripto
1124 2348 1185 2387 usus
1201 2337 1262 2401 est3
1284 2346 1380 2388 emen·

189 2417 277 2474 datius
298 2417 337 2473 lo.
359 2417 432 2491 Bapt.
455 2416 555 2474 ltouins
579 2408 732 2494 (Inscriptt.
755 2417 834 2490 antiq.
850 2435 876 2490 p.
894 2410 978 2497 84.);
999 2418 1045 2474 'lla
1067 2418 1095 2474 l.
1117 2418 1221 2474 univer
1242 2408 1380 2496 (Parcrga

188 2502 469 2576 uiderim-philolog.
506 2499 629 2574 Gotting.
655 2501 745 2559 1749.
777 2522 802 2577 p.
834 2494 921 2582 28.)·,
949 2503 969 2559 l.
993 2505 1022 2561 G.
1045 2504 1073 2563 S.
1097 2495 1133 2584 [i.
1156 2522 1180 2561 e.
1201 2503 1276 2561 lonu.
1304 2504 1379 2563 (inlr.

187 2583 290 2670 Sentii)
313 2589 486 2647 Commentat.
510 2590 544 2645 ad
567 2588 638 2646 SGG.
662 2589 696 2645 de
719 2589 844 2647 aediliciis
867 2591 1048 2663 negntationis
1079 2607 1158 2648 eausa
1180 2606 1233 2648 non
1256 2590 1378 2648 diruend.

188 2676 257 2751 lips.
283 2676 422 2750 175111).
446 2676 484 2747 93
505 2675 627 2733 llnnbold
651 2668 782 2755 (lienum.
806 2678 861 2749 leg.
882 2695 908 2751 p.
934 2670 1033 2758 196.)
1460 2668 1464 2673 ’

777 2795 798 2858 1.
1392 2854 1398 2863 .

301 2913 352 2977 Cn.
375 2913 497 2979 Hosidin
520 2913 593 2980 Geta
615 2915 648 2977 L.
671 2915 805 2999 vagellio
827 2913 909 2978 Coss.
932 2935 961 2977 x.
984 2915 1040 2980 lral.
1064 2915 1186 2979 Octobr.
1209 2915 1239 2981 S.
1264 2916 1295 2979 C.

295 3035 366 3099 Cum
387 3036 573 3121 providentia
603 3039 715 3120 optumi
736 3038 876 3129 principis
899 3039 984 3101 tectis
1007 3054 1125 3117 qvoqve
1147 3038 1227 3101 vrbis
1257 3044 1380 3102 nostrae

188 3129 220 3186 ct
243 3124 333 3186 totius
354 3122 452 3186 ltaliae
475 3124 639 3187 aeternitati
663 3126 862 3205 prospexerit,
884 3125 988 3202 nvibus
1011 3127 1074 3205 ipse
1096 3142 1156 3187 nou
1178 3125 1273 3188 solum
1287 3142 1381 3206 prae-

189 3217 280 3291 cepto
302 3211 509 3291 augustissimo
533 3209 696 3273 sedetiam
719 3209 855 3292 exemplo
878 3229 932 3275 svn
954 3212 1122 3292 prodesset,
1145 3212 1380 3289 conveniretqve

188 3297 321 3359 felicitati
343 3298 451 3359 soeculi
474 3298 609 3359 instantis
636 3315 690 3378 pro
721 3299 858 3378 portione
869 3294 899 3381 ⁵)
927 3298 1107 3380 publicorum
1137 3316 1260 3381 operum
1291 3300 1380 3362 etiam

189 3387 369 3466 privatorum
392 3384 565 3460 custodiae,
588 3383 788 3462 deberentque
811 3385 960 3447 abstinere
983 3404 1017 3448 se
1041 3403 1144 3449 ornnes
1173 3386 1378 3450 cruentissimo

188 3487 304 3554 genere
326 3471 543 3547 negotiationis,
566 3488 604 3532 ue
627 3471 852 3535 inimicissimam
876 3467 982 3555 pacit)
1005 3471 1109 3534 laniem
1125 3472 1298 3535 inducerent
1314 3473 1388 3561 rvi-⁸

188 3558 236 3620 uis
259 3558 375 3620 domum
385 3553 417 3639 ⁷)
440 3557 607 3635 villarvmq:
638 3557 774 3638 placere,
804 3559 830 3620 si
859 3560 921 3636 qvis
951 3559 1119 3641 negotiandi
1147 3576 1235 3622 causa
1257 3562 1380 3623 emisset

189 3642 307 3721 aliquod
328 3642 491 3707 aedificium
513 3651 544 3705 vt
566 3642 710 3707 diruendo
740 3644 804 3725 plvs
827 3646 995 3723 acquireret
1017 3660 1101 3723 quam
1123 3646 1224 3725 quanti
1248 3652 1379 3723 emisset,

191 3737 251 3793 tvm
275 3730 388 3811 duplam
410 3733 640 3812 pecuniamque
663 3737 809 3793 internatus
833 3749 898 3794 eam
920 3750 985 3794 rem
1007 3739 1087 3796 esset
1109 3733 1139 3795 in
1161 3750 1241 3796 aera.
1264 3730 1379 3811 inferri,

189 3818 289 3895 vtique
311 3816 349 3879 de
380 3835 417 3879 en
447 3817 630 3880 nihilomiuus
659 3816 695 3879 ad
725 3823 859 3880 senatvm
881 3816 1063 3882 rellerretvr.
1107 3819 1261 3898 Quomque
1283 3835 1379 3898 neqve
1474 3890 1476 3894 .

189 3921 251 3967 nou
274 3910 426 3984 oporteret
448 3905 523 3967 malo
546 3903 681 3985 exemplo
705 3903 838 3968 vendere
861 3921 945 3983 qvam
969 3922 1082 3983 emere,
1104 3905 1277 3969 venditores
1299 3922 1379 3986 qvo·

190 4005 251 4069 que
273 3998 493 4068 coercerentur,
516 3993 564 4069 qvi
586 3993 714 4054 scientes
745 3990 815 4055 dolo
838 3992 914 4053 malo
941 3999 1044 4055 contra
1073 3992 1148 4055 hanc
1177 3999 1298 4056 senatvs
1319 4011 1379 4056 vo-

189 4077 329 4141 lvutateru
350 4075 561 4155 vendidissent,
584 4078 720 4159 placere,
742 4078 817 4141 tales
838 4077 1022 4142 venditiones
1043 4080 1140 4142 irritas
1162 4079 1227 4142 lieri
1234 4099 1244 4153 ;
1274 4084 1379 4143 caete-

189 4181 256 4227 ruur
278 4164 381 4228 testari
403 4170 538 4228 senatvm
559 4163 688 4231 dominio
712 4165 851 4230 coustitvi
872 4166 922 4244 qvi
939 4184 1037 4229 rerum
1052 4184 1170 4231 svamm
1184 4182 1379 4250 possessores

296 4403 324 4472 1)
341 4407 457 4459 conmlen
480 4405 555 4459 ambo
579 4406 680 4460 alterve
697 4410 719 4461 si
736 4410 773 4460 cis
796 4407 932 4461 videbitur.
959 4432 989 4446 ·-
1015 4406 1045 4473 2)
1066 4420 1224 4478 quamtorena
1248 4410 1379 4465 urbanum.

191 4501 223 4512 -
243 4472 273 4541 3)
291 4479 312 4527 si
331 4478 368 4528 eis
386 4476 523 4530 ridebitur.
543 4501 574 4511 -
592 4473 623 4541 1)
641 4479 674 4529 ita
693 4486 720 4529 ut
738 4480 775 4530 cis
793 4494 808 4528 e
826 4493 854 4529 re
872 4477 973 4544 publiea
990 4479 1092 4548 lideqnc
1103 4494 1148 4533 sua
1161 4480 1296 4545 videbitur,
1314 4497 1378 4533 nen-

188 4542 445 4611 minuerentur).
463 4571 497 4583 -
515 4542 544 4610 5)
562 4546 600 4598 lta
617 4545 718 4600 Reines.
729 4548 889 4616 proporrost
907 4547 1032 4601 llnulvold.
1051 4577 1083 4587 -
1102 4551 1132 4616 6)
1144 4549 1229 4603 tabula
1241 4549 1376 4603 mendosae

187 4631 258 4684 pecc.
277 4640 311 4650 -
328 4612 358 4681 t)
377 4631 436 4683 pro:
454 4615 575 4668 domatum.
1466 4636 1468 4640 ⁴
