3102 5118
192 450 257 525 Μ
459 457 535 512 lnam.
553 456 670 528 publium
687 448 817 511 militaret.
852 452 915 525 Cap.
933 453 964 510 11.
999 453 1117 509 Tabulae.

192 622 357 700 perpetum
377 612 447 680 ilos.
469 610 570 698 tint)
593 616 624 678 P.
646 615 678 679 P.
699 608 866 697 squatum)
887 619 920 677 et
940 608 1103 695 peditbm,
1126 606 1176 694 qui
1196 610 1330 676 miltbaut
1350 612 1382 676 in

194 704 250 767 alis
280 704 412 782 duabus,
441 721 517 784 quae
546 701 729 784 appellantur
760 702 907 764 veterana
937 700 1126 764 Gaetulorum
1149 704 1181 762 et
1201 696 1214 761 1
1236 700 1382 764 'lbraomn

194 791 366 854 Mauretana
388 798 418 853 et
440 790 612 853 cohortibus
635 795 774 871 quattuor
795 786 807 849 l
829 787 875 851 Au
900 793 963 852 usta
994 784 1200 849 Lusitanorum
1221 785 1286 848 etl
1307 794 1339 850 et
1358 785 1383 849 ll

194 877 342 941 Pbracum
364 884 394 939 et
416 876 439 939 11
461 873 672 939 Cantabrorum
693 882 724 937 et
740 881 809 937 sunt
829 876 859 936 in
915 871 988 936 daea
1003 872 1060 936 sub
1076 870 1128 935 Cn.
1143 870 1284 954 Pompelo
1299 872 1383 937 Lon-

192 962 275 1046 gino,
297 964 347 1045 (pri
368 963 456 1045 quina
479 969 510 1024 et
530 963 635 1025 vicena
656 958 802 1045 stipendia
823 968 1002 1038 meruerant,
1025 974 1152 1043 quorum
1166 961 1287 1023 nomina
1307 958 1384 1024 sab·

193 1050 302 1132 scripta
322 1057 393 1113 sunt
413 1046 484 1131 ipsis
505 1048 609 1111 liberis
630 1050 818 1130 posterisque
839 1064 943 1109 eorum
959 1048 1108 1109 uitiatam
1129 1046 1211 1109 dedit
1233 1052 1264 1109 et
1285 1060 1383 1111 nunu·

193 1137 274 1199 bium
296 1154 365 1200 eum
386 1136 539 1214 uxoribus,
562 1152 637 1216 quas
660 1142 732 1199 tune
753 1134 941 1210 habuissent,
965 1150 1031 1195 cnm
1054 1136 1103 1196 est
1124 1133 1226 1197 uiritim
1247 1132 1284 1197 iis
1306 1132 1383 1210 data,

193 1231 245 1286 aut
266 1223 344 1304 siqu
365 1221 496 1287 caelibes
517 1228 620 1285 essent
649 1240 716 1285 cum
746 1222 782 1285 iis
811 1237 886 1302 quas
914 1226 1019 1303 postea
1048 1218 1204 1284 duxissent
1232 1216 1383 1287 dumtaxat

193 1308 302 1392 mapali
324 1309 464 1392 singulae.
719 1304 729 1349 ‘¹

297 1396 334 1460 Α.
356 1397 391 1460 u.
415 1395 459 1460 lll.
481 1396 551 1460 ldus
573 1396 664 1460 llaias

296 1483 366 1548 Sex.
390 1483 513 1547 Octavio
536 1484 697 1562 Frontone,
719 1482 754 1545 'li
773 1481 846 1545 lulio
869 1479 1002 1544 Candido
1024 1478 1118 1544 Mario
1141 1479 1217 1544 Cels.
1240 1479 1351 1567 Cos.¹]

211 1592 216 1605 ¹
297 1566 369 1633 coln.
392 1567 425 1632 ll.
447 1566 601 1649 lbraeum,
625 1571 673 1633 cui
694 1576 797 1650 praest
819 1566 957 1633 Claudius
979 1568 1145 1651 Montanus,
1167 1569 1259 1650 equiti
1273 1569 1383 1634 Sentbe

195 1652 335 1720 Traibitlti
355 1657 387 1719 P.
411 1654 473 1721 Col.
497 1652 647 1739 Oletic.⁸)

297 1742 483 1826 Descriptum
503 1751 536 1806 et
557 1744 743 1826 recognitum
766 1762 806 1806 ex
828 1741 925 1806 tabula
946 1758 1049 1822 aenea,
1072 1758 1149 1824 quae
1170 1742 1229 1807 lixa
1250 1751 1298 1807 est
1318 1744 1383 1808 llo·

193 1846 259 1891 mae
282 1830 311 1891 iu
335 1829 477 1912 Capitolio
498 1837 567 1913 post
587 1837 712 1912 tropaea
734 1829 900 1893 Germanioi
922 1829 952 1893 in
973 1830 1127 1910 tribunali,
1156 1848 1235 1913 quae
1257 1830 1385 1896 suntad

193 1914 298 1980 aedem
320 1914 402 1981 Fidei
424 1916 454 1981 P.
477 1917 512 1982 R.
1002 1920 1006 1927 ’

578 2005 616 2067 D.
639 2002 729 2067 Consi
751 2002 855 2066 dloimi

578 2091 611 2154 C.
634 2091 754 2153 Ferenti
774 2090 885 2152 Natalis

577 2178 609 2241 P.
631 2176 750 2243 Sallieui
770 2176 931 2239 Philumeui

578 2264 612 2326 T.
634 2264 738 2328 lloslili
760 2261 901 2327 blartialis

578 2349 610 2414 P.
632 2348 683 2414 Sili
705 2350 854 2412 iiarmetis

579 2435 611 2499 G.
634 2438 733 2511 Quinti
754 2434 868 2499 Phileti.

297 2517 350 2605 (lu
371 2524 439 2584 blnla
462 2526 565 2603 paginis
586 2519 791 2608 interioribus):

297 2609 368 2693 imp.
399 2610 510 2675 caesar
538 2611 599 2674 divi
632 2610 805 2695 Vespasiani
837 2609 870 2673 P.
898 2608 1082 2675 Domitianus
1114 2606 1269 2695 Augustus
1306 2609 1385 2675 Ger-

194 2696 326 2761 amices
349 2696 485 2762 Pontifex
504 2698 652 2761 unanimus
674 2698 821 2761 Tribunis.
851 2704 988 2779 potestat.
1019 2697 1054 2759 V.
1084 2696 1153 2779 lmp.
1183 2696 1244 2761 Xll.
1272 2696 1386 2763 Censor

193 2790 357 2866 perpetuus
381 2783 440 2849 Cos
462 2785 522 2848 Xtt
545 2785 576 2847 P.
598 2785 629 2847 P.
653 2785 800 2866 equitibus
824 2791 854 2846 el
876 2784 1040 2867 peditibus,
1068 2785 1118 2865 qui
1139 2783 1262 2847 militant
1281 2787 1311 2849 in
1331 2787 1385 2849 alla

195 2871 309 2933 duabus
333 2889 413 2952 quae
434 2872 617 2953 appellantur
639 2872 785 2935 veterana
808 2870 998 2935 Gaetulorum
1029 2872 1101 2934 etl.
1124 2871 1270 2936 'Phnoum
1298 2873 1385 2936 liau-

194 2964 297 3019 retma
326 2964 357 3020 et
384 2958 557 3024 colonibus
587 2964 743 3040 quatuor,
772 2956 941 3039 ldupusta
971 2958 1175 3021 Lusitanorum
1204 2966 1236 3021 et
1263 2958 1276 3021 1
1301 2967 1334 3023 et
1352 2958 1384 3021 11.

194 3043 339 3107 ‘lbrauum
362 3051 393 3107 et
416 3046 439 3107 11
460 3045 671 3110 Cantabrorum
693 3051 725 3108 et
745 3052 813 3109 sunt
835 3046 864 3107 in
887 3043 995 3107 iudaea
1007 3045 1064 3107 sub
1078 3044 1131 3108 Cu.
1147 3045 1288 3128 Pompeio
1302 3046 1384 3109 lmu-

194 3131 275 3212 g'mo,
297 3132 348 3213 qui
370 3132 460 3212 quina
482 3139 512 3195 et
534 3133 638 3195 vicena
659 3132 804 3214 stipendia
825 3138 994 3193 meruerant
1021 3148 1147 3210 quorum
1168 3133 1286 3196 uomina
1308 3133 1384 3197 snb·

194 3221 304 3301 scripta
325 3224 406 3295 sunt,
430 3219 499 3299 ipsis
521 3218 623 3282 liberis
645 3220 834 3302 posterisque
855 3234 958 3280 eorum
981 3218 1128 3281 unitatem
1146 3218 1228 3281 dedlt
1241 3228 1272 3283 et
1286 3238 1385 3284 canu·

194 3303 274 3367 biam
296 3322 362 3367 enm
393 3306 535 3370 uxoribus
565 3323 637 3387 quas
667 3312 737 3369 tune
766 3305 936 3368 habuissent
965 3323 1030 3367 cum
1053 3312 1101 3369 est
1129 3307 1233 3370 civitas
1254 3308 1290 3370 iis
1319 3307 1385 3371 data

194 3398 244 3453 aut
265 3391 342 3472 siqui
365 3392 493 3455 caelibes
520 3399 623 3455 essent
653 3410 719 3455 eum
749 3393 784 3455 iis
814 3409 888 3474 quas
918 3399 1022 3473 postea
1052 3391 1208 3457 dunssant
1236 3393 1385 3458 dumtaxat

194 3478 303 3561 eugen
325 3476 467 3559 singulas.

298 3562 333 3626 Α.
355 3565 391 3627 D.
414 3564 459 3627 111.
482 3563 551 3629 ldus
572 3564 674 3629 lllaias.

296 3651 366 3715 Sex.
390 3650 514 3715 Octavio
537 3652 697 3732 Frontone,
720 3652 753 3715 Pi
774 3652 846 3716 lullo
870 3651 1001 3716 (landido
1023 3653 1117 3737 ldario
1138 3652 1229 3718 ‘Celso
1251 3652 1322 3719 Cas.

298 3736 371 3802 Cob.
394 3736 427 3799 ll.
450 3738 597 3803 Tbmcnm
619 3740 667 3803 cui
687 3746 789 3823 praest
811 3738 950 3804 Claudius
971 3739 1128 3804 Montanus
1156 3742 1250 3823 equiti
1276 3741 1385 3808 Seutbe

195 3822 336 3887 Prabitlri
357 3824 388 3887 li.
411 3823 473 3888 dol.
497 3825 603 3889 Oletio.

297 3911 485 3995 Descriptum
508 3919 539 3976 et
560 3914 738 3996 ricognitum
759 3933 800 3976 ex
823 3913 919 3977 tabula
941 3932 1051 3994 aenea,
1074 3929 1150 3996 quae
1171 3914 1230 3979 lina
1251 3922 1300 3980 eat
1321 3916 1386 3981 lto·

193 4014 260 4060 mae
281 3999 312 4061 ln
334 3998 491 4080 Capitolio.
512 4031 554 4045 -
576 4004 606 4062 ln
628 4002 819 4077 ifinaytvaniu
847 4011 946 4078 repen.
990 4006 1090 4063 Primus
1111 4006 1196 4065 anan
1224 4007 1255 4065 (1.
1278 4008 1385 4066 itm

194 4088 332 4163 docteque
354 4090 485 4164 explicuit
505 4090 532 4150 in
555 4091 718 4150 lnbrbtteber
738 4093 788 4149 dea
809 4092 922 4148 Vereins
936 4092 985 4149 der
998 4092 1294 4154 atalanta-stranda
1312 4095 1385 4154 um

193 4172 262 4233 lllll.
285 4194 312 4250 p.
335 4175 461 4252 ibaeqq.
483 4184 511 4237 et
532 4177 822 4238 salemanniam.
845 4180 916 4235 areb.
943 4178 1034 4237 1848.
1055 4198 1082 4255 p.
1105 4180 1230 4257 Pdaapq.

206 4328 504 4340 *m———a-n

298 4414 327 4482 1)
345 4417 380 4470 86
397 4435 422 4486 p.
441 4417 487 4470 cb.
505 4428 556 4474 nat
580 4444 612 4455 -
637 4416 667 4484 P)
684 4421 721 4475 sie
737 4419 804 4473 male
823 4434 870 4488 pro
888 4421 1012 4488 sumtibus
1038 4448 1070 4461 -·
1095 4421 1126 4490 3)
1150 4424 1251 4481 colobia
1268 4423 1386 4481 Oleitices

194 4484 224 4555 (i.
240 4504 264 4543 e.
279 4483 372 4547 attia
389 4484 495 4553 naas.)

638 4658 946 4673 ...u-...m-
