3106 5122
214 409 278 491 ξω
542 408 620 469 tues.
638 406 767 479 probem.
801 404 864 478 Gap.
881 405 912 467 ll.
948 404 1066 465 Tabulae.
1165 404 1169 411 ’

213 567 353 717 pppplrpss
371 600 408 611 -
439 571 540 631 noma
569 571 596 629 a
625 571 715 633 aaut
753 588 845 633 m.
895 536 1002 633 arur.
1030 586 1057 644 ρ.
1089 567 1161 629 tro.
1205 568 1313 631 met
1341 567 1401 629 stt

321 771 412 829 ttot.
456 768 487 831 b.
500 768 641 833 Arruntio
654 768 753 843 Stella,
776 768 807 830 l..
818 768 890 831 lulio
905 766 1017 831 Malao
1040 765 1106 829 Cos
1120 763 1149 848 ¹)
1171 762 1254 828 Xllll.
1277 765 1312 826 li.
1325 763 1401 827 Ner.

317 855 356 917 ll.
379 855 493 919 Acilium
513 855 655 936 tantus,
678 856 711 917 L.
736 856 890 919 Petronius
905 855 1015 917 Fronto
1035 853 1083 916 llll
1097 854 1151 915 vir.
1173 851 1193 913 l.
1218 852 1251 914 D.
1274 853 1303 915 S.
1326 850 1401 935 θ’)

214 943 381 1008 Ferrentini
401 943 430 1004 in
454 945 535 1006 curie
557 942 640 1006 aeriis
662 943 799 1006 llercuri.
850 940 1016 1005 Scribunda
1037 939 1194 1003 adieerunt
1216 940 1251 1001 Α.
1275 939 1402 1023 Sagiar-

214 1050 270 1095 ιω
292 1031 471 1106 llaeeienus,
494 1030 527 1092 T.
548 1031 684 1093 Maenius
706 1029 906 1092 Numantinus.

318 1115 403 1189 onoc
425 1117 554 1179 universi
577 1117 611 1178 V.
635 1116 666 1178 F.
677 1112 708 1199 3)
731 1117 764 1177 Τ.
782 1116 972 1196 Pomponium
994 1113 1331 1184 Bussumclarissimum
1354 1114 1403 1175 ui-

214 1224 280 1269 rum
303 1202 504 1267 demandatam
527 1204 583 1266 sibi
606 1221 705 1266 comm
729 1205 766 1266 ab
788 1203 1043 1284 indulgentissimo
1066 1203 1131 1282 lmp.
1156 1202 1283 1264 Caesare
1305 1201 1403 1263 Nerua

217 1292 344 1355 Traiano
366 1292 503 1374 Augusto
526 1291 700 1353 Gennanieo
723 1309 781 1371 qua
803 1291 968 1352 aeternitati
982 1289 1080 1352 ltaliae
1095 1308 1168 1352 suao
1183 1290 1404 1369 prospexitsc·
1472 1308 1475 1313 ·

217 1378 343 1442 caudam
365 1377 570 1441 liberalitatem
593 1379 657 1441 cius
679 1378 718 1440 ita
741 1377 895 1455 ortlinare,
924 1384 957 1438 ut
979 1378 1074 1440 omnis
1105 1383 1186 1439 aetas
1218 1393 1308 1437 curae
1338 1376 1403 1437 eius

175 1502 180 1505 -
217 1467 321 1529 merito
340 1466 456 1547 gratias
476 1483 567 1547 apere
590 1464 707 1542 debeat,
729 1463 918 1543 futurumque
940 1470 973 1527 ut
995 1470 1092 1527 tantae
1115 1463 1231 1527 virtutis
1252 1464 1298 1527 vir
1316 1462 1405 1524 auxi-

217 1553 257 1619 lio
279 1554 317 1617 sit
340 1550 457 1617 iuturus
480 1552 755 1632 ntunicipionostro
779 1551 813 1624 Ο.
836 1551 870 1612 Ι).
893 1550 925 1613 li.
949 1550 982 1613 lt.
1005 1550 1037 1615 F.
1058 1551 1090 1613 P.
1112 1550 1148 1613 D.
1171 1550 1204 1613 E.
1227 1550 1261 1613 ll.
1283 1550 1305 1612 l.
1330 1548 1361 1610 C.
1371 1545 1403 1631 ⁴)

318 1637 439 1705 Placere
461 1640 636 1721 conscriptis
657 1637 771 1720 legatos
794 1657 834 1701 ex
855 1637 913 1701 buc
933 1635 1040 1701 ordine
1061 1638 1134 1699 mitti
1156 1637 1194 1699 atl
1217 1637 1250 1703 Τ.
1274 1637 1405 1716 Pompu-

216 1728 294 1790 nium
316 1725 440 1789 Bassum
464 1725 658 1789 clarissimum
679 1726 776 1789 uirum
806 1726 857 1804 qui
883 1725 920 1789 ab
942 1742 979 1787 oo
1006 1725 1164 1804 impetrent
1187 1726 1219 1786 in
1238 1723 1407 1787 mustelam

216 1813 411 1894 amplissimae
434 1812 538 1877 dornus
561 1831 634 1877 suae
655 1812 842 1893 municipium
864 1817 995 1875 nostrum
1018 1811 1153 1891 recipere
1176 1809 1324 1892 dignatam,
1346 1828 1405 1890 pa·

216 1910 393 1980 tamtumque
415 1919 450 1967 se
472 1901 607 1980 cooptari
629 1900 726 1963 tabula
747 1898 883 1979 hospitali
905 1898 997 1963 incisa
1019 1896 1077 1961 boc
1105 1896 1227 1961 decreto
1257 1899 1285 1959 in
1316 1895 1406 1963 demo

213 2006 267 2095 pua
289 1988 386 2070 posita
406 1988 562 2069 permittat,
585 2004 740 2050 consuere.

318 2073 454 2155 Egerunt
474 2074 564 2156 legati
587 2072 622 2135 Α.
647 2072 792 2137 Caecilius
815 2070 852 2133 A.
874 2072 906 2134 t.
923 2070 1080 2145 Quirinalis
1096 2078 1125 2133 ct
1140 2072 1296 2145 Quirinalis
1311 2071 1342 2133 l'.
1360 2069 1407 2133 tte

216 2163 293 2245 Aug.
317 2159 398 2223 Tem.
421 2160 452 2223 C.
476 2159 508 2222 P.
529 2158 576 2221 nd
598 2160 675 2241 Aug.
700 2160 781 2221 'lena
806 2160 837 2221 G.
861 2154 932 2240 l'.⁵)
963 2193 1001 2203 -
1029 2163 1182 2221 ttoreuttce
1204 2163 1231 2225 ln
1253 2179 1336 2219 aenea
1360 2170 1407 2217 ta-

217 2251 497 2311 collaetabatur.
521 2251 648 2321 Ortbogr.
678 2268 705 2324 p.
729 2250 779 2306 tt.
808 2250 881 2305 Grut.
904 2268 929 2321 p.
954 2250 1025 2306 456.
1055 2250 1118 2306 Gari
1147 2250 1228 2309 laser.
1258 2250 1314 2306 Etr.
1337 2251 1407 2322 lp.

219 2341 267 2395 (ib.
290 2339 341 2397 Foa
364 2337 522 2397 Frammeoti
540 2336 567 2393 di
582 2337 641 2393 last.
666 2354 738 2393 corre.
755 2354 788 2409 p.
804 2337 831 2392 a.
848 2354 874 2392 o.
890 2336 940 2392 24.
962 2338 1032 2409 Adp.
1055 2336 1177 2397 llattbold
1199 2337 1269 2397 lloo.
1289 2354 1317 2415 p.
1332 2334 1407 2397 232.

218 2424 326 2483 llenaen
349 2424 375 2482 in
398 2422 494 2482 Annal.
516 2421 579 2481 dcll'
601 2423 682 2481 instit.
704 2424 775 2479 arob.
801 2422 893 2495 1845,
915 2442 941 2496 p.
964 2424 1015 2481 40.

212 2638 224 2705 l
304 2553 417 2702 Attttt.
461 2549 493 2613 C.
517 2551 615 2614 Vettio
638 2550 738 2614 Attico
760 2557 791 2612 ct
819 2549 848 2612 b.
880 2548 982 2614 sisinio
1011 2550 1196 2615 Praetextato
1227 2546 1337 2636 Cos.⁰)
1360 2570 1406 2635 pr.

227 2640 281 2704 dus
331 2639 395 2721 prii.
1414 2664 1416 2667 ·

318 2725 442 2789 Peltuini
463 2724 591 2789 Vestinis
614 2724 643 2787 in
666 2726 747 2789 curia
767 2725 899 2789 ordinem
919 2725 1093 2789 habentibus
1116 2726 1148 2789 Τ.
1170 2725 1315 2793 Avidiano
1339 2728 1406 2793 tte-

161 2830 164 2839 ’
216 2816 318 2879 stituto
341 2822 372 2876 et
393 2813 507 2877 Blaesio
531 2814 633 2876 Natale
655 2812 749 2876 neat.
774 2810 878 2897 Olli)
902 2813 1059 2876 scribundo
1082 2813 1247 2878 adfuerunt.

320 2900 406 2975 antl
429 2902 559 2965 universi
588 2900 679 2964 verba
700 2893 854 2979 iecerunt,
876 2901 1037 2963 Nummium
1060 2901 1174 2964 Vanam
1199 2902 1228 2964 C.
1248 2900 1279 2964 F.
1298 2921 1405 2965 sacer-

218 2988 317 3053 rlotetu
340 2988 463 3053 Veneris
486 2988 590 3051 Felicis
612 3007 648 3050 ea
677 2986 844 3050 adiectione
870 2986 967 3068 adpre
996 3005 1106 3069 prono
1120 2991 1217 3051 animo
1247 2990 1327 3052 circa
1348 3008 1405 3052 nea

218 3095 311 3158 apere
329 3077 468 3157 coepisse
490 3093 545 3155 pro
563 3076 694 3138 instituto
714 3074 937 3137 benevolentiae
954 3093 1028 3137 suae
1047 3076 1122 3137 siem
1140 3083 1170 3137 et
1185 3083 1325 3160 parentes
1338 3074 1404 3139 eine

216 3180 335 3244 scalper
357 3169 495 3244 eperunt,
515 3169 549 3222 ut
571 3163 678 3224 merito
700 3160 808 3224 debeat
829 3180 869 3222 ex
889 3180 1030 3224 censeas.
1053 3163 1259 3225 universorum
1281 3171 1405 3244 patrone

216 3250 421 3329 praelectoree
443 3255 563 3311 nostrae
585 3248 650 3311 lieri
670 3266 730 3327 quo
751 3249 845 3329 araugis
868 3248 1023 3329 magisque
1044 3247 1101 3312 boc
1123 3250 1254 3329 bonore,
1284 3252 1337 3330 qui
1358 3257 1406 3312 eat

216 3337 293 3416 apud
315 3354 370 3399 nos
393 3336 577 3416 potissimum
601 3341 699 3397 tantm
722 3333 845 3397 claritati
866 3336 929 3398 cius
952 3335 1050 3398 oblato
1073 3335 1242 3418 dignatione
1263 3337 1405 3420 benigni-

217 3425 283 3489 tatis
307 3423 368 3501 eius
391 3420 516 3503 gloriosi
538 3421 618 3485 ctio
649 3421 783 3485 omnibus
813 3422 865 3485 tuti
893 3440 931 3487 ac
957 3422 1073 3487 leiensi
1094 3441 1164 3487 csse
1185 3426 1343 3505 possimus.
1368 3424 1403 3497 Ο.

216 3502 783 3590 ΠΕΚΚΗΠΕΚῑΝ)

318 3613 439 3679 Placere
455 3613 600 3679 universis
617 3613 803 3693 conscriptis,
824 3614 977 3679 Numanae
999 3615 1103 3678 Variae
1123 3615 1157 3677 G.
1172 3611 1238 3697 ΕΡ)
1254 3613 1406 3681 secerdmi

216 3701 341 3765 Veneris
370 3699 476 3763 Felicis
504 3717 559 3779 pro
590 3698 749 3780 splendore
779 3701 926 3782 diguitatis
953 3720 1026 3765 suae
1047 3703 1241 3782 patrocinium
1262 3700 1405 3783 praelec-

218 3794 303 3851 turae
323 3793 444 3851 nostrae
466 3786 566 3851 oll'crri
588 3788 707 3867 potique
730 3786 766 3849 ab
790 3789 854 3853 cius
876 3788 1007 3852 claritate
1033 3797 1064 3850 et
1085 3790 1191 3852 eamn
1213 3790 1405 3872 benignitate,

217 3885 250 3938 ut
272 3874 349 3939 trane
372 3874 515 3941 bonorem
535 3874 592 3936 sibi
607 3892 624 3935 a
639 3873 725 3937 nobis
740 3872 867 3939 abutum
888 3874 990 3937 libenti
1012 3894 1047 3939 ac
1068 3894 1164 3957 prono
1184 3877 1290 3939 animo-
1305 3878 1405 3939 susci-

216 3979 288 4042 pere
312 3968 342 4023 et
362 3959 495 4043 singulos
526 3961 712 4042 universosq.
743 3977 799 4023 nos
818 3979 912 4043 prema.
936 3961 1081 4043 publicem
1102 3969 1233 4029 aarum
1254 3964 1286 4027 in
1307 3963 1405 4027 clien-

217 4048 301 4111 telam
325 4050 428 4111 tioutus
451 4065 524 4111 suao
546 4048 681 4129 recipere
710 4046 848 4129 dignetur
870 4055 900 4108 ct
921 4048 950 4109 in
973 4050 1207 4131 quibuscumque
1228 4051 1304 4114 ratio
1325 4068 1404 4113 exe-

323 4288 349 4356 t)
368 4291 427 4343 Post
445 4290 502 4345 thr.
523 4292 580 4345 tot.
607 4317 637 4327 -
662 4288 694 4358 2)
711 4293 866 4362 quatneruiri
890 4294 937 4345 iuri
955 4293 1064 4347 (licando
1084 4302 1198 4347 senatum
1217 4293 1403 4349 consuluerunt.

218 4387 248 4396 ·-
268 4357 297 4425 3]
316 4360 394 4415 rerba
413 4362 536 4417 lecerunt.
555 4387 586 4397 -
605 4361 635 4427 4)
653 4364 714 4431 qnid
734 4363 765 4415 dc
784 4379 815 4415 ca
833 4379 862 4414 re
879 4363 933 4417 beri
951 4363 1078 4429 placeret,
1096 4364 1128 4416 de
1147 4381 1178 4417 eu
1196 4381 1224 4416 re
1242 4367 1277 4419 itu
1294 4381 1401 4417 censue·

216 4438 283 4493 rent,
302 4456 332 4466 -
353 4430 381 4494 5)
400 4430 432 4482 ad
451 4431 557 4495 Augusti
574 4431 694 4498 templum
712 4441 867 4485 curaverunt
883 4433 1034 4500 ponendum.
1053 4434 1122 4487 llaec
1158 4444 1269 4488 ostreme
1286 4434 1366 4487 rerba
1377 4436 1404 4485 in

215 4499 331 4566 exemplo
349 4501 419 4552 Fene
438 4498 536 4552 desunt.
555 4525 586 4535 -
606 4501 636 4564 bt
653 4500 714 4553 Post
731 4500 789 4554 Chr.
806 4501 867 4555 242.
886 4526 919 4535 -
938 4500 967 4567 7)
985 4502 1114 4559 Aedilibus
1132 4451 1357 4628 {utaque-strom.
1370 4529 1402 4539 -

216 4566 245 4634 8]
259 4569 318 4639 quial
331 4570 363 4623 tle
376 4584 408 4623 ea
420 4582 447 4620 re
460 4567 513 4621 lieri
525 4567 653 4636 placeret,
666 4569 698 4623 ‹le
712 4584 743 4623 ea
755 4586 783 4625 re
796 4572 833 4631 irc
843 4581 1002 4629 comburunt.
1033 4596 1067 4613 -
1079 4572 1136 4639 b)c
1161 4574 1276 4629 risrimae
1286 4572 1404 4629 lenum
