3080 5112
233 422 309 489 Μ
570 420 795 493 lamuaaaa
827 421 892 494 &qt
908 422 940 479 Π.
975 422 1095 515 Tabulae.

233 578 314 644 ditae
341 577 560 643 ababentuave
588 580 711 644 eaitm.
738 581 767 645 ei
795 598 864 646 eun
893 598 997 665 aquam
1026 583 1138 657 heum,
1165 594 1255 661 quen
1283 578 1324 644 ita
1353 580 1429 643 emit

233 662 368 751 emeri]t,
388 666 507 750 planam
528 665 619 731 iaeiet
638 666 783 732 teuentve
804 676 934 751 uptam
954 686 1094 735 eave...
1119 663 1224 752 [quem
1243 684 1352 750 aquam
1374 666 1429 731 lu-

231 773 300 818 en
321 771 420 836 neque
440 754 508 837 inae
527 751 761 839 abaliemveait,]
783 774 884 838 neque
905 756 997 819 berea
1017 757 1093 834 eiua
1116 773 1216 837 neque
1238 754 1311 838 quui
1325 755 1352 817 ie
1366 753 1428 817 be-

233 859 285 905 rea
308 842 374 922 eait,
396 841 623 919 abalienaverit,
646 842 724 924 quud
748 844 812 907 eiua
834 844 902 927 agri
923 844 1000 908 leeei
1021 845 1064 907 ita
1085 841 1202 925 plana!
1225 840 1334 907 tadum
1356 843 1426 923 enit,

230 926 312 992 llvir
333 929 374 991 ita
396 924 482 1012 [eene
503 928 699 993 adnata...

337 1015 502 1096 anieique
522 1017 549 1079 ia
571 1034 646 1099 ager
667 1024 782 1099 emptae
803 1017 870 1095 enit,
893 1017 932 1080 de
945 1036 985 1083 eu
999 1034 1077 1101 agia
1091 1016 1161 1081 laea
1181 1012 1325 1100 aa]dditu,
1341 1015 1426 1098 quud

231 1102 260 1166 ia
281 1110 410 1185 adaptant
431 1103 581 1179 babuerit,
604 1104 686 1184 quud
710 1105 778 1167 eius
799 1105 917 1186 publiea
941 1122 1001 1169 nun
1023 1105 1141 1182 enubit,
1167 1100 1214 1189 [et
1235 1104 1262 1167 ei
1284 1100 1326 1188 ia]
1349 1119 1426 1186 aquen

231 1188 329 1269 leena,
352 1189 421 1271 quei
442 1189 474 1251 ei
494 1197 609 1270 emptae
630 1190 727 1268 inerit,
749 1191 867 1273 publiea
890 1193 1004 1271 venat,
1025 1191 1196 1254 tantundem
1219 1190 1337 1254 mudum
1359 1192 1428 1279 agai

231 1274 311 1340 lanei
333 1275 373 1338 da
393 1293 433 1340 aa
454 1294 529 1358 aquo
553 1277 638 1352 laea,
668 1278 737 1358 quei
767 1296 841 1361 ager
869 1279 1017 1361 lucaeque
1046 1274 1091 1362 [in
1120 1275 1221 1341 Ainea
1252 1285 1315 1357 eet,
1343 1276 1427 1359 quud

231 1364 297 1427 eius
320 1364 385 1448 agni
407 1362 485 1425 lucei
515 1362 632 1444 publice
662 1378 722 1428 non
744 1366 870 1444 venieit,
897 1367 925 1428 ei
955 1367 1004 1448 qui
1033 1384 1101 1428 eum
1129 1380 1233 1448 agraet
1263 1364 1362 1433 butan
1383 1366 1426 1427 ita

232 1457 364 1533 emptum
387 1450 537 1530 babuerit,
566 1450 748 1517 redditu...
777 1452 906 1532 queiqae
927 1470 1001 1536 ager
1021 1452 1105 1515 loeus
1128 1453 1167 1515 ita
1195 1451 1327 1525 redditus
1357 1452 1425 1531 erit,

232 1537 261 1601 ia
282 1537 461 1620 aquilones
485 1538 523 1616 ei,
544 1539 629 1603 cuine
650 1557 691 1600 ex
712 1539 739 1604 li.
763 1538 781 1601 l
804 1534 915 1622 {laetus
937 1543 1010 1618 erit,
1038 1539 1093 1603 HS.
1115 1538 1153 1601 Ν.
1174 1539 1187 1603 Ι
1209 1547 1325 1620 amatia
1346 1545 1425 1616 esto,

230 1625 318 1706 ieqqe
339 1643 415 1707 agae
436 1623 526 1689 laeua
544 1625 677 1706 privatin
705 1626 920 1709 vectigaliaque
947 1628 987 1689 ita
1019 1621 1095 1708 [atei
1117 1626 1148 1689 iu
1169 1626 1198 1691 b.
1221 1620 1258 1709 l]
1281 1626 1426 1707 scriptun

231 1718 290 1792 eat,
310 1718 386 1778 eata.

720 1799 814 1882 Caput
834 1799 939 1875 xxxi.

342 1885 422 1960 Quoi
444 1885 552 1950 colono
575 1885 642 1949 eive
664 1888 733 1967 quei
753 1888 783 1950 in
805 1887 921 1951 eolauei
943 1903 1069 1953 numeru
1098 1887 1227 1970 scriptus
1257 1893 1320 1967 eet,
1348 1904 1424 1971 ager

232 1971 319 2038 lucie
341 1973 372 2035 in
395 1991 431 2037 ea
452 1973 585 2039 centuria
606 1969 835 2058 supcisivoves)
859 1969 957 2056 [datm
979 1972 1151 2058 adsignatus
1172 1981 1228 2052 est,
1252 1992 1328 2056 quae
1345 1993 1424 2039 een·

231 2060 314 2124 turia
336 2058 456 2142 quodve
477 2061 659 2141 supeisivum
681 2062 710 2122 in
733 2079 868 2145 euagre
890 2068 946 2141 est,
968 2079 1057 2142 quem
1077 2080 1118 2125 ex
1138 2061 1167 2124 b
1184 2060 1202 2122 l.
1224 2060 1341 2143 publiea
1363 2080 1424 2123 ve-

232 2147 299 2209 nire
322 2152 441 2228 oportet
463 2147 666 2226 oportebitve,
697 2149 742 2210 sei
771 2166 808 2209 ea
837 2148 969 2211 centuria
999 2148 1067 2210 idve
1095 2148 1275 2230 supcisivum
1305 2147 1425 2231 publiea

231 2233 342 2296 veuieit
365 2232 546 2312 venieritve,
577 2239 635 2295 tum
659 2251 713 2314 pro
741 2253 777 2296 ea
800 2235 932 2297 centuria
954 2235 1140 2316 snpcisivuve
1162 2234 1330 2298 tantundem
1353 2252 1424 2298 anu-

231 2318 304 2384 dum
325 2319 390 2403 agni
412 2320 489 2383 lucei
511 2319 550 2381 de
574 2337 612 2383 eo
635 2315 727 2405 ag]ro
749 2321 836 2398 loeo,
886 2322 935 2382 uei
964 2339 1039 2404 agen
1066 2322 1150 2385 lucus
1179 2322 1208 2384 ia
1237 2319 1337 2384 Africa
1366 2329 1424 2401 eet,

232 2407 313 2489 quud
336 2408 400 2469 eiua
422 2406 539 2488 publice
560 2424 621 2470 nou
636 2408 755 2486 venien,
777 2408 805 2470 ei
828 2338 987 2491 beinedive
1003 2404 1084 2492 ei]us
1105 2408 1197 2490 ilua,
1219 2409 1290 2491 quei
1304 2426 1345 2471 ex
1358 2406 1387 2471 b.
1403 2408 1423 2472 i.

3 2556 4 2571 ,
103 2544 124 2587 .,
229 2494 326 2559 iactae
348 2500 505 2557 creatusve
526 2494 598 2572 erit,
621 2493 748 2557 reddito.

314 2706 337 2767 ei
361 2723 422 2767 eum
443 2722 537 2778 agrum
558 2705 662 2777 lucum,
686 2707 820 2781 quantita
844 2707 907 2765 emit
929 2708 1040 2779 enauit,
1061 2708 1167 2783 planum
1189 2707 1271 2767 laniet
1293 2707 1425 2769 laeeaitva

232 2801 349 2870 emptum
371 2810 463 2851 esee..
500 2792 583 2860 Quem
606 2810 700 2869 aarum
721 2794 810 2853 locun
831 2812 920 2871 neque
940 2796 999 2871 ipae
1020 2795 1220 2867 abalienaverit,
1241 2812 1330 2870 aequa
1343 2796 1424 2857 tara

232 2883 305 2952 eiua,
327 2896 416 2954 neque
442 2879 483 2939 eui
506 2876 528 2935 is
550 2881 629 2939 berea
651 2881 702 2941 enit
724 2882 924 2954 abalienaverit,
943 2882 1017 2956 quad
1039 2880 1095 2940 aiau
1117 2882 1178 2955 agei
1198 2883 1252 2945 inei
1265 2884 1303 2943 ita
1316 2881 1425 2957 wenta

232 2968 335 3029 iaetun
361 2967 430 3040 enit,
460 2966 581 3025 duumvir
606 2967 646 3024 ita
675 2985 735 3026 ease
764 2968 881 3028 iudicata
903 3010 1036 3029 .........
1057 2968 1197 3043 euiqueia
1224 2987 1291 3043 agea
1317 2976 1423 3049 amatae

233 3055 305 3127 erit,
327 3054 362 3112 da
384 3070 419 3113 eu
442 3072 510 3127 agro
532 3054 595 3112 loeo
617 3055 740 3127 reddito,
763 3057 835 3130 quud
857 3056 881 3113 ie
901 3063 1018 3131 emptum
1040 3056 1172 3128 babuerit,
1194 3058 1271 3134 quad
1290 3055 1346 3117 eiua
1367 3074 1424 3132 nu-

84 3168 103 3183 ·-
231 3142 302 3201 bliea
324 3160 378 3200 nau
400 3142 484 3200 veniit
506 3146 534 3200 et
556 3141 578 3198 ai
599 3141 621 3198 ia
645 3160 713 3216 ager
734 3143 819 3214 luens,
842 3142 886 3216 qui
909 3143 935 3201 ei
956 3149 1059 3218 emptae
1081 3143 1172 3216 luerit,
1193 3144 1300 3218 publiea
1322 3143 1424 3216 veniet,

232 3232 395 3288 tantundem
419 3230 525 3287 modum
548 3229 607 3300 agni
629 3230 682 3287 luci
704 3229 738 3286 de
761 3247 795 3287 eo
818 3247 886 3302 agro
909 3229 981 3302 luae,
1004 3230 1047 3303 qui
1063 3246 1132 3303 ager
1145 3231 1274 3304 laeuaque
1289 3230 1316 3288 iu
1332 3230 1424 3288 diviua

233 3322 283 3387 eet,
307 3317 379 3389 quud
402 3316 459 3373 aius
481 3314 541 3390 agri
564 3314 619 3371 luci
639 3316 745 3390 publiea
766 3333 820 3374 nou
842 3316 939 3389 veniit,
961 3318 986 3373 ei
1009 3317 1054 3391 qui
1076 3334 1136 3374 eum
1160 3330 1253 3391 agnum
1275 3318 1363 3375 laeum
1384 3317 1423 3373 ita

234 3409 349 3477 emptum
363 3402 510 3475 babuerit,
539 3400 647 3458 reddito
670 3445 782 3461 ........
817 3403 920 3477 Quique
948 3419 1015 3476 ager
1037 3404 1114 3461 loeus
1143 3404 1180 3461 ita
1211 3405 1331 3462 redditus
1361 3404 1423 3475 enit,

232 3489 255 3547 ie
279 3506 346 3563 agar
376 3489 452 3546 laeua
475 3489 501 3546 ei
522 3486 596 3545 enine
626 3491 733 3547 eabae
763 3490 827 3562 lege
856 3489 942 3547 iaetua
972 3490 1024 3548 enit
1052 3492 1202 3548 aeatertidm
1233 3506 1339 3563 aqnmo
1367 3506 1423 3547 uua

233 3584 338 3652 emptae
360 3582 438 3647 eata,
466 3576 544 3648 isque
567 3592 634 3650 agan
655 3576 730 3635 laeua
752 3577 871 3652 privatae
899 3577 1094 3652 vectigaliaque
1119 3579 1157 3636 ita
1178 3578 1216 3636 uti
1237 3578 1264 3636 in
1285 3581 1337 3647 baa
1357 3579 1424 3652 lege

233 3665 360 3741 aetatu
382 3668 441 3734 eat,
463 3669 533 3721 eata.

728 3749 813 3825 &pat
834 3750 929 3809 xxxi,

338 3836 386 3896 Gai
409 3837 508 3905 aulum
530 3836 589 3894 eive
611 3837 704 3912 quiin
727 3836 816 3896 ealaai
838 3854 949 3898 namara
971 3838 1084 3913 mipene
1106 3845 1150 3897 eat
1170 3854 1238 3912 aqaa
1258 3838 1334 3898 laeua
1348 3836 1424 3897 inea

234 3924 359 3985 eentunia
382 3924 550 3982 aubeiaivuve
573 3926 650 3983 detua
672 3924 827 3998 adsignatus
850 3932 899 3996 eat,
922 3943 990 3999 quae
1007 3926 1124 3984 centuria
1140 3927 1247 4000 quodve
1262 3925 1423 3984 eabeiaivuua

235 4013 263 4071 iu
287 4031 322 4072 eo
345 4028 414 4085 equa
437 4017 486 4083 aet,
511 4028 588 4085 quen
611 4028 646 4069 ex
668 4012 718 4069 bae
739 4012 802 4083 lega
824 4012 930 4086 publiea
951 4011 1044 4070 venire
1065 4019 1175 4088 apertat
1197 4012 1378 4088 oportebitae,
1400 4012 1424 4070 ai

234 4117 268 4158 ea
291 4097 411 4158 centuria
432 4097 495 4156 idve
518 4098 675 4156 subcisivum
697 4098 804 4173 publice
825 4099 908 4155 veniit
929 4099 1089 4172 venieritve,
1110 4105 1165 4157 tum
1185 4114 1239 4176 peu
1256 4116 1288 4157 aa
1303 4099 1425 4157 eantunia

235 4186 406 4246 eubeiaivuve
427 4186 581 4244 tantundem
603 4185 711 4243 modum
733 4184 793 4258 aqui
813 4184 867 4243 leui
890 4185 925 4243 de
947 4203 982 4245 ee
1004 4203 1072 4260 aqna
1093 4186 1168 4260 laea,
1190 4184 1237 4260 qai
1257 4202 1325 4260 ager
1346 4186 1424 4249 laena

233 4274 263 4332 ia
283 4275 375 4333 Atrida
397 4279 449 4346 aet,
471 4272 545 4348 quad
567 4273 625 4331 aiae
646 4270 752 4347 eabbae
772 4288 827 4331 nau
848 4272 942 4347 veniit,
963 4272 990 4331 ai
1011 4272 1141 4333 benedito
1161 4272 1219 4332 eiaa
1240 4271 1363 4333 hurle
1377 4271 1425 4348 qa·

235 4374 272 4420 ax
293 4361 345 4421 baa
365 4362 429 4436 lege
451 4361 536 4419 laetae
559 4364 700 4418 ereatuava
721 4357 773 4417 enit
792 4357 908 4419 reddita

339 4561 371 4634 l)
387 4564 474 4621 tabula
489 4564 567 4619 aiala:
583 4565 743 4634 mantunae.

438 4700 456 4761 i
