3106 5122
400 403 424 468 S.
435 404 461 459 3.
496 403 634 475 mdix
650 404 737 475 legem
753 412 779 458 et
789 404 1070 461 misorum.
1259 404 1323 470 301

137 514 346 627 sessoribusi're
367 581 444 644 aqua
466 563 533 627 data
554 564 602 626 uel
623 562 768 631 adtributa
790 572 837 631 cst
859 565 906 627 vel
927 565 1001 644 erit,
1026 564 1112 631 solist
1132 561 1325 631 distribuatur

138 648 304 726 dividatur,
327 650 355 712 in
379 650 500 713 castella
523 650 603 713 lacus
625 653 807 728 immittatur,
829 652 854 713 is
875 652 985 733 populo
1007 669 1130 715 romano
1153 651 1175 714 C
1197 650 1282 714 millia
1296 647 1323 733 ¹)

141 736 216 799 dare
246 736 366 799 demnas
392 744 458 800 esto
465 756 475 813 3
505 739 607 818 etqui
636 737 711 801 clam
740 736 809 818 quid
839 755 942 801 corum
969 739 1008 801 ite
1030 738 1151 818 iecerit,
1178 737 1209 800 id
1238 756 1325 801 omne

137 823 252 887 sarone
273 822 399 886 relicere
420 825 579 887 restituere
600 822 759 887 aedificare
779 832 945 906 ponerent
965 825 1066 888 celere
1080 824 1222 887 demolire
1237 825 1324 888 dnm-

137 927 193 973 nss
215 916 281 973 esto
302 910 368 973 sine
389 909 458 974 dolo
480 910 558 974 malo
580 918 668 993 atque
684 911 790 989 omnia,
812 912 851 974 ita
865 918 897 974 st
912 913 1081 993 quicunque
1095 917 1215 975 curator
1228 929 1326 992 aqua-

137 1016 204 1060 rum
225 1003 272 1059 est
293 998 365 1076 erit,
388 993 495 1080 null),
525 998 551 1061 si
574 1004 693 1060 curator
714 1014 853 1079 aquarum
876 1015 962 1061 uerno
985 1000 1056 1076 erit,
1078 1006 1137 1063 tum
1159 999 1184 1061 ls
1206 1005 1327 1080 praetor

138 1084 190 1164 qui
211 1084 290 1146 iuter
310 1084 391 1147 ciues
414 1091 446 1146 et
467 1086 644 1166 peregrinos
659 1085 706 1148 ius
723 1084 802 1162 dicit,
825 1083 914 1149 mulla
928 1085 1101 1167 pignoribus
1116 1086 1217 1168 cogito
1233 1102 1325 1149 coer-

138 1177 223 1245 celo;
247 1170 333 1251 eique
356 1170 502 1248 curatori,
532 1174 597 1246 aut,
627 1173 653 1234 si
675 1180 795 1237 curator
816 1191 876 1237 uon
898 1172 972 1249 erit,
1002 1180 1063 1235 tam
1085 1172 1113 1234 ei
1135 1173 1265 1253 praetori
1286 1190 1327 1238 eo

139 1258 258 1320 nomine
281 1256 407 1343 cogendi
437 1258 596 1321 coercendi
624 1258 731 1320 multae
762 1257 904 1321 dicendae
934 1259 998 1322 sive
1028 1259 1159 1340 pignoris
1190 1259 1325 1340 capiendi

138 1344 184 1407 ius
208 1350 398 1425 potestasque
421 1351 495 1408 esto.
539 1344 569 1408 Si
600 1344 669 1425 quid
700 1360 802 1408 eorum
825 1363 931 1409 servus
960 1343 1083 1422 iecerit,
1105 1344 1238 1409 domiuus
1259 1345 1326 1411 eius

138 1431 185 1494 HS
208 1436 327 1493 centum
351 1429 438 1493 millia
460 1430 568 1513 populo
592 1427 691 1515 deul)
719 1431 749 1496 Si
772 1432 837 1513 quis
860 1433 938 1496 circa
960 1434 1041 1495 rivos
1064 1450 1173 1512 specus
1196 1431 1327 1497 fornices

139 1516 251 1581 listulas
280 1516 398 1581 tubulos
426 1512 551 1581 castella
569 1518 648 1581 lacus
670 1537 813 1600 aquarum
842 1519 1037 1599 publicarum,
1066 1536 1144 1600 quae
1165 1517 1201 1581 ad
1224 1520 1329 1582 urbem

138 1605 262 1668 Romam
285 1603 431 1667 ducuntur
445 1610 475 1666 et
489 1603 643 1684 ducentur,
666 1607 836 1669 terminatus
858 1606 981 1685 steterit
1004 1624 1042 1668 ne
1065 1607 1131 1686 quis
1146 1606 1176 1668 in
1198 1622 1236 1668 eo
1258 1606 1326 1669 loco

139 1698 209 1774 post
230 1690 305 1754 banc
327 1691 424 1773 legem
447 1697 580 1772 rogatum
605 1690 674 1772 quid
702 1694 844 1773 opponite
874 1692 975 1755 molito
998 1693 1132 1773 obsepito
1155 1691 1237 1775 ligito
1259 1699 1326 1755 sta·
1426 1704 1429 1708 ’

139 1779 213 1842 tuito
236 1779 338 1859 ponito
361 1777 505 1841 collocato
528 1784 610 1841 arato
627 1776 729 1855 serite,
752 1796 828 1841 neve
846 1778 876 1840 in
892 1797 959 1841 eum
975 1777 1043 1859 quid
1059 1778 1212 1856 immittite,
1234 1796 1327 1860 prae·

139 1872 277 1946 terqnan
301 1882 404 1927 corum
425 1863 627 1927 faciendorum
650 1864 887 1945 reponendarum
910 1883 1012 1944 causa,
1033 1884 1109 1946 quae
1124 1864 1180 1929 hac
1200 1866 1269 1948 lege
1290 1867 1330 1929 li-

139 1948 218 2015 cebit
242 1949 395 2034 oportebit.
431 1950 488 2024 Oui
510 1951 652 2016 adversus
676 1969 711 2014 ea
735 1952 802 2031 quid
826 1951 939 2029 lecerit,
962 1951 1105 2015 adversus
1121 1969 1188 2015 eum
1202 1953 1328 2035 siremps

139 2039 190 2103 lex
213 2038 261 2101 ius
285 2056 433 2118 causaque
455 2039 583 2103 omnium
608 2056 708 2101 rerum
730 2039 923 2118 omnibusque
946 2046 1030 2117 esto,
1060 2045 1149 2119 atque
1179 2039 1220 2103 uti
1249 2046 1332 2105 esset

141 2143 271 2207 esseque
293 2129 455 2206 oporteret,
476 2124 502 2188 si
523 2126 549 2187 is
572 2122 811 2193 adversus.banc
833 2124 932 2208 lepem
960 2125 1055 2188 rivum
1083 2142 1205 2206 specum
1227 2127 1329 2207 rupis·

141 2219 188 2277 set
203 2210 383 2277 iurassetuc.
428 2211 590 2284 Ouominns
613 2212 642 2274 in
665 2229 703 2273 eo
727 2212 792 2275 loco
809 2230 933 2295 pascere
949 2211 1081 2290 herbam,
1102 2210 1202 2277 lanum
1216 2230 1331 2289 secare,

141 2293 353 2382 sentes....⁴)
377 2304 544 2362 curatorum
566 2317 716 2380 aquarum,
739 2299 789 2376 qui
810 2317 887 2362 nunc
908 2306 976 2363 suut
998 2300 1107 2377 quique
1126 2298 1329 2370 cronacum

143 2386 242 2451 lantes
264 2394 294 2450 et
315 2384 446 2448 fornices
468 2393 499 2447 et
520 2404 620 2448 muros
644 2392 674 2448 et
696 2385 775 2449 rivos
798 2393 828 2447 et
849 2404 975 2466 specus,
1004 2386 1174 2450 terminatus
1204 2385 1331 2451 arbores

144 2474 220 2537 vites
244 2491 351 2553 vepres
373 2478 474 2536 sentes
497 2473 578 2554 ripae
601 2472 727 2535 maceria
756 2470 857 2535 salicta
886 2470 1056 2536 arundineta
1085 2471 1224 2536 tollantur
1246 2474 1333 2537 cxci·
1437 2488 1442 2499 ·

145 2560 253 2624 duntur
274 2557 452 2622 effodiantur
475 2557 706 2633 excodiceutur,
735 2559 838 2635 utique
865 2565 947 2621 reete
977 2556 1085 2621 lactum
1115 2576 1185 2621 esse
1213 2559 1335 2638 voleut3

143 2664 243 2728 eoque
266 2646 382 2710 nomine
404 2646 439 2708 iis
461 2646 593 2727 pignoris
615 2647 698 2726 capio
722 2644 830 2708 nrultae
852 2644 941 2709 dictio
963 2645 1166 2727 coercitioque
1181 2651 1257 2723 esto,
1280 2645 1329 2708 id·

144 2751 201 2814 qne
223 2734 260 2795 iis
281 2734 346 2795 sine
377 2729 480 2794 fraude
511 2749 565 2796 sua
595 2731 697 2796 lacere
728 2731 814 2794 liceat
835 2732 881 2794 ius
903 2738 1095 2814 potestasque
1124 2738 1199 2795 esto.
1245 2731 1332 2805 Ouo-

143 2822 241 2883 miuus
263 2821 339 2882 vites
361 2818 495 2896 arbores,
519 2837 596 2898 quae
617 2818 693 2881 villis
722 2816 863 2882 aediliciis
892 2819 1065 2881 maceriisve
1094 2817 1223 2881 inclusae
1251 2826 1331 2898 sunt,

144 2906 309 2987 maceriae,
339 2924 412 2985 quas
435 2910 589 2967 curatores
612 2922 769 2985 aquarum,
799 2922 889 2967 causa
911 2905 1099 2986 cognitane
1120 2902 1333 2969 demolirentur

145 2993 273 3057 dominis
294 2994 510 3074 permiserunt,
534 2992 639 3071 quibus
662 2992 800 3073 inscripta
823 2991 965 3072 insculpta
988 2998 1088 3055 essent
1108 2991 1258 3072 ipsorum,
1281 2993 1334 3110 qui

144 3080 360 3162 permisissent,
383 3085 550 3142 curatorum
574 3078 690 3141 nomina
705 3084 848 3155 maneant,
871 3076 1009 3159 baelege
1025 3078 1142 3140 nibilum
1159 3084 1265 3160 rogato
1302 3075 1332 3160 J.

145 3167 308 3241 Quominus
330 3182 370 3227 ex
399 3166 434 3228 iis
466 3163 594 3227 lontibus
623 3165 695 3226 rivis
723 3164 860 3245 specibus
889 3164 1049 3228 fornicibus
1078 3181 1182 3245 aquam
1213 3182 1333 3231 sumere

145 3253 263 3316 baurbe
285 3253 319 3315 iis
341 3252 566 3334 quibuscunque
582 3258 735 3313 curatores
749 3268 890 3331 aquarum
906 3251 1103 3332 permiserint,
1126 3256 1334 3332 praeterquam

146 3347 211 3403 rota
233 3339 327 3402 culice
349 3338 491 3417 machine,
511 3338 608 3415 beent,
631 3337 697 3399 durn
719 3355 817 3419 neque
839 3345 945 3419 puteus
958 3354 1057 3419 neque
1071 3336 1209 3402 foramen
1223 3355 1333 3403 nouum

145 3426 205 3507 but,
228 3426 295 3490 eius
316 3424 371 3489 bac
391 3425 461 3513 lege
483 3423 601 3487 nibilum
623 3430 754 3506 rogator.
1229 3437 1231 3440 ’

416 3581 457 3589 ‚a

254 3649 282 3717 1)
299 3651 428 3704 Sebulsius
446 3652 516 3704 addit
532 3653 604 3703 nem.
635 3649 761 3717 intelligo:
780 3652 963 3714 sestertiorum,
981 3661 1009 3705 ut
1025 3652 1090 3705 iulrn
1109 3661 1159 3705 sst:
1178 3650 1218 3705 tls
1231 3660 1334 3707 mlum

145 3721 232 3775 millis.
252 3746 283 3755 -
303 3720 331 3787 2)
349 3729 392 3772 aas
408 3724 432 3772 iu
451 3720 568 3773 omuibus
585 3719 660 3772 codd.
678 3718 848 3783 desideratum
867 3720 964 3775 addidit
981 3720 1238 3789 paramonarium,
1256 3737 1337 3794 qaeuq

147 3806 236 3844 omnes
259 3790 350 3859 reliqui
374 3788 482 3842 editores
505 3792 584 3843 secuti
602 3797 666 3841 suut.
696 3788 745 3841 Sed
764 3787 863 3842 laborat
887 3788 958 3841 locus
982 3790 1073 3859 duplici
1098 3790 1257 3843 difficultate:
1273 3807 1334 3844 natu

147 3861 233 3913 omnin
249 3875 300 3911 non
316 3861 377 3911 satis
394 3859 525 3913 comnmda
543 3860 575 3911 ad
593 3858 770 3926 praecedentia
782 3859 900 3923 refertur,
919 3869 994 3928 atque
1007 3862 1081 3912 etiem
1094 3862 1176 3911 minus
1188 3860 1334 3912 coniunctio

147 3940 175 3981 st
189 3930 223 3982 ed
242 3928 321 3981 rerba
338 3930 428 3995 copim,
445 3938 559 3981 coerceo.
591 3927 646 3990 Qua
664 3937 767 3997 propter
790 3928 923 3980 admodum
946 3928 1032 3993 placet
1047 3929 1169 3981 lordausii
1187 3929 1333 3981 coniectum

148 4004 184 4052 its
201 3998 324 4067 legentis:
341 4006 411 4065 atquc
428 4000 512 4050 omnio
528 4000 564 4050 ita
580 4007 619 4061 ut,
659 3999 778 4065 dicamque
796 3996 901 4049 Curetes
917 4013 1036 4065 uquarum
1054 4006 1100 4062 est,
1118 3999 1230 4060 ἰωειήυ
1246 3999 1268 4048 si
1286 4014 1333 4049 css-

147 4076 218 4120 sntor
234 4084 356 4136 uquarum
372 4084 441 4119 nemo
458 4076 493 4119 ess
510 4076 559 4119 ete.
578 4092 610 4103 -
629 4016 659 4130 ὃς
678 4066 780 4119 Ursinus
798 4062 836 4130 (in
854 4074 916 4118 nott.
934 4066 966 4117 ad
984 4066 1117 4135 Augustini
1135 4066 1225 4119 librum
1238 4066 1271 4119 de
1282 4065 1334 4120 Le·

148 4134 238 4204 pilrus)
255 4139 382 4202 sagaciter
399 4139 549 4204 suspicatur,
567 4138 591 4187 in
610 4151 675 4188 uoce
692 4136 732 4187 det
748 4136 827 4191 lutare
845 4134 874 4186 D.
893 4134 921 4188 E.
940 4137 955 4187 i.
974 4152 996 4187 e.
1008 4137 1112 4188 mmm
1123 4144 1186 4199 osto;
1203 4137 1239 4188 uti
1250 4152 1336 4202 supra.

6 4214 7 4223 ¹
65 4218 75 4237 ¹
149 4233 183 4243 -
208 4206 238 4269 4)
256 4205 377 4258 Codicum
395 4205 444 4259 luae
461 4206 520 4257 loco
544 4204 659 4258 lacunam
682 4204 724 4256 alii
746 4205 796 4257 alio
814 4205 889 4257 modo
912 4205 1038 4272 supplent.
1067 4204 1194 4258 Dedericlr
1217 4207 1335 4257 coniicit:

148 4274 201 4339 (λυ
218 4277 299 4327 misum
316 4277 345 4326 in
362 4292 388 4326 ao
405 4272 459 4326 loco
475 4291 578 4343 monere
592 4274 699 4337 tabam,
714 4275 800 4339 [eumn
816 4271 898 4326 reema
915 4281 992 4325 sentos
1008 4272 1161 4341 prohibeant,
1178 4282 1265 4326 neeis
1281 4272 1335 4325 Ors-

147 4352 245 4428 sebprcs
260 4360 381 4412 aquenses
398 4345 440 4412 qai
456 4360 524 4395 nane
540 4352 608 4426 sunt,
627 4345 712 4411 quique
729 4351 806 4426 munt.
838 4342 914 4395 Circa
929 4345 1007 4425 {outa
1024 4350 1067 4395 etc.
1082 4371 1124 4425 .—
1147 4338 1175 4408 5]
1195 4338 1275 4425 codd:
1292 4340 1335 4395 liic

149 4423 177 4467 ⁶²
193 4430 219 4466 ¹¹¹
235 4413 588 4536 §litbbltlittbt
600 4410 1338 4548 ‘'bbdlltltnltlil‘ltbl'l't'tibitibi-²

148 4491 234 4608 mit
250 4499 327 4608 etisgr
341 4552 421 4611 scribi
438 4560 545 4621 moeson
564 4551 593 4606 v.
610 4550 697 4608 lllenn
714 4518 747 4606 {ul
765 4551 850 4618 lcqoru
866 4549 997 4607 servffian
1014 4566 1041 4648 p:
1057 4550 1100 4606 94.
1134 4500 1151 4551 g
