3080 5112
106 532 114 551 1
220 464 284 533 212
554 468 632 522 lnser.
649 469 781 537 protense.
815 468 876 539 Cep.
894 469 927 523 ll.
961 468 1081 524 Tslvulse.

217 633 319 704 turne,
335 624 423 688 neive
443 624 511 706 quis
533 626 613 707 quid,
635 634 827 713 posteaquam
850 623 1035 713 [vecti]gulis
1057 629 1230 709 consistent,
1252 645 1329 709 quse
1343 633 1413 709 post

217 710 245 778 lr.
271 713 291 777 l.
315 732 380 796 rog.
403 713 527 795 primum
558 716 759 794 constiterint,
789 716 828 778 olr
852 733 906 778 eos
928 712 1036 799 ug[ros
1058 716 1222 797 pequniue,
1245 713 1410 799 vectigalis,

216 801 420 882 scriptureeve
443 801 559 862 nomino
581 819 636 881 pro
659 820 696 866 eo
719 816 847 884 pecore,
877 802 956 885 quud
987 805 1016 866 in
1048 804 1091 866 eis
1114 797 1231 886 sngeis
1261 809 1410 885 pascetur,

216 887 328 969 populo
348 894 400 951 eut
421 887 577 970 publicsno
591 883 619 971 ¹)
643 886 714 951 dure
737 888 852 952 deneas

728 991 769 1054 Ge
791 999 822 1055 ut
844 992 892 1055 tx.

322 1078 401 1154 Quei
431 1097 504 1160 uper
534 1077 618 1141 locus
645 1010 789 1159 publicusp
807 1075 923 1163 populli
943 1080 1079 1143 romenei
1099 1080 1130 1143 iu
1160 1086 1239 1143 terre
1268 1078 1348 1145 ltsliu
1377 1080 1409 1143 P.

216 1162 314 1230 lluclo
337 1165 370 1228 Ir.
394 1164 551 1249 Calpurnio
574 1183 636 1228 coe.
660 1165 728 1244 luit,
752 1183 839 1245 quem
863 1185 966 1251 ugrum
989 1169 1018 1230 iu
1049 1185 1087 1230 eo
1110 1184 1184 1247 spuo
1214 1165 1350 1230 locumve
1373 1167 1411 1229 de

215 1266 256 1316 eo
279 1270 353 1334 egro
376 1252 409 1314 L.
433 1252 578 1314 Caecilius
602 1252 653 1313 Cn.
676 1252 821 1316 Domitius
844 1249 1004 1336 censores]
1027 1272 1053 1316 s.
1076 1253 1104 1315 d.
1126 1249 1208 1335 xps)
1227 1253 1255 1315 tr.
1279 1254 1411 1317 octobris

218 1341 286 1403 oius
310 1356 399 1419 quom
422 1357 511 1421 egro,
534 1340 602 1421 quei
626 1346 706 1401 trans
733 1334 903 1422 curreret)
925 1348 988 1417 est,
1017 1342 1206 1417 locaverunt,
1230 1343 1299 1421 quei
1320 1341 1349 1402 in
1372 1357 1411 1404 eo

189 1438 193 1447 '
217 1442 292 1508 egro
313 1421 395 1508 lo[co
412 1427 503 1487 ceivis
538 1443 677 1488 rumonus
699 1426 852 1495 sosiumve
872 1427 1037 1490 nominisve
1058 1426 1146 1503 lntiui,
1169 1427 1274 1508 quibus
1288 1446 1328 1490 ex
1343 1426 1412 1490 ior·

216 1512 294 1575 muln
317 1519 484 1595 togatorum
524 1511 628 1574 milites
650 1514 679 1573 iu
701 1519 782 1574 terre
804 1513 881 1576 ltutiu
903 1515 1050 1594 irnperure
1072 1514 1179 1591 solent,
1201 1531 1305 1595 ugrum
1327 1511 1412 1598 loc]-

216 1618 266 1662 um
289 1600 447 1680 publicum,
462 1598 562 1680 populi
584 1601 716 1662 romenei
730 1598 767 1660 de
782 1618 836 1662 suu
851 1602 1031 1681 possesione
1042 1608 1128 1663 vetus
1150 1618 1293 1681 possesor
1315 1619 1412 1682 provo
1520 1644 1527 1656 .

216 1693 322 1751 umere
332 1681 521 1768 ¹posseso[ru
545 1685 715 1766 deditque
737 1688 766 1748 in
788 1705 865 1768 egro
878 1686 946 1750 loeo
962 1686 1100 1768 oppidum
1116 1688 1273 1751 cotouiuvo
1287 1705 1327 1749 ex
1340 1687 1412 1771 tege

122 1796 131 1813 ·
216 1772 358 1853 petreius
374 1774 451 1836 scito
473 1774 702 1835 constitueretur
724 1772 923 1837 deduceretur
950 1772 1174 1852 conlocemur,
1202 1791 1262 1855 quo
1284 1774 1315 1836 iu
1334 1791 1412 1856 egro

216 1858 285 1923 looo
306 1858 399 1923 lllvir
420 1859 555 1923 coloniae
577 1858 768 1935 deducendae
791 1867 908 1923 creatus
931 1855 977 1942 i]d
998 1859 1138 1941 oppidum
1161 1859 1348 1923 coloniense
1369 1876 1412 1924 ex

216 1944 287 2028 lege
309 1945 445 2026 plebeive
466 1965 508 2008 sc
531 1947 683 2009 constituit
702 1946 885 2021 dedendus,
914 1945 1158 2027 conlocavitque:
1188 1965 1277 2029 quem
1306 1965 1412 2031 egsum

217 2027 331 2114 [locum
370 2050 485 2114 vepro
507 2050 545 2095 eo
566 2050 640 2113 egro
662 2031 796 2099 locunve
819 2033 856 2095 de
879 2051 916 2094 eo
946 2051 1036 2114 egro,
1058 2037 1130 2114 quei
1150 2033 1286 2115 pentem
1307 2033 1411 2116 populi

217 2119 367 2183 romenei
388 2120 417 2181 iu
441 2126 549 2181 terrum
577 2118 700 2181 ltuliem.
715 2120 748 2180 P.
769 2119 868 2182 liucio
897 2120 931 2181 L.
962 2120 1118 2202 Calpurnio
1140 2138 1193 2184 cos
1222 2120 1295 2199 luit,
1325 2127 1412 2189 entra

218 2220 285 2267 eum
308 2223 429 2285 ugrum
452 2204 569 2283 locum,
591 2207 659 2284 quei
681 2222 756 2287 eger
776 2205 861 2271 locus
884 2226 923 2269 ex
945 2207 1012 2287 lege
1036 2207 1172 2288 plebeius
1194 2224 1249 2284 so,
1271 2208 1354 2288 quod
1377 2206 1411 2270 0.

216 2288 380 2373 Semproni.
403 2291 446 2353 Ti
469 2290 489 2353 f.
513 2299 549 2354 tr.
572 2292 609 2372 pl.
632 2309 697 2373 rog.
720 2287 893 2374 exccp[tum
912 2295 1076 2356 cuvitumve
1092 2301 1138 2356 est
1153 2293 1411 2374 remuneretur,

217 2500 322 2560 bdcsno
345 2502 423 2559 detor
445 2502 615 2572 culpatusve,
638 2518 707 2559 neve
730 2501 787 2576 quis
811 2503 872 2576 quid
895 2510 1070 2579 posteaquem
1094 2503 1236 2577 vectigslie
1253 2502 1409 2577 consistent,

216 2605 287 2667 pune
308 2596 370 2664 post
393 2589 461 2645 lusuc
483 2589 573 2658 legem
587 2593 710 2660 rosetum
725 2590 836 2664 primurn
852 2591 1030 2664 constiterint,
1052 2593 1088 2649 ob
1105 2609 1152 2649 eos
1169 2607 1251 2664 egros
1267 2593 1408 2666 pecunius,

219 2676 369 2748 recticolis,
390 2676 572 2750 scripturseve
594 2677 701 2732 nomine
722 2694 773 2751 pro
796 2694 830 2735 eo
852 2694 962 2752 pecore,
985 2679 1058 2752 quod
1080 2679 1107 2736 iu
1129 2679 1168 2736 eit
1185 2678 1257 2752 egris
1271 2685 1409 2753 peruetus,

204 2765 322 2839 ‚populo
345 2769 390 2820 sut
411 2763 554 2837 publicsno
577 2762 642 2820 dere
664 2763 771 2820 delicet.

715 2869 800 2943 Gripst
827 2869 909 2928 vtut.

323 2970 374 3040 Osi
398 2984 464 3043 sper
486 2973 560 3030 locus
583 2972 702 3047 publicus
724 2972 816 3047 populi
838 2974 941 3031 romsui
964 2973 990 3031 iu
1013 2979 1086 3031 terre
1106 2973 1183 3031 ltelrts
1204 2975 1232 3031 Ρ.
1254 2973 1356 3046 liscio,
1379 2973 1407 3031 l.

219 3058 362 3133 &lpumio
392 3059 544 3117 oonsulibus
568 3060 633 3132 tuit,
664 3076 741 3132 queue
764 3076 858 3133 ugrum
879 3062 906 3118 in
922 3078 963 3118 eo
987 3077 1055 3133 egro
1080 3061 1202 3118 locumve
1225 3061 1260 3117 de
1281 3076 1316 3118 eo
1339 3076 1408 3133 egro

218 3146 246 3205 l.
269 3146 399 3204 Cseciliss
421 3147 468 3204 Gn.
492 3147 621 3204 Domitius
643 3163 771 3204 censores
794 3146 1030 3205 sutediemiil.
1053 3147 1186 3205 Kuleudss
1208 3147 1335 3206 Octobris
1357 3165 1408 3205 uns

219 3248 278 3291 oser
301 3251 378 3306 egro.
402 3234 445 3307 qni
467 3240 540 3291 trsru
564 3234 699 3291 curionem
722 3240 773 3305 est,
797 3235 967 3305 locaverunt,
991 3234 1036 3309 qui
1057 3234 1085 3291 in
1106 3252 1141 3293 eo
1164 3250 1232 3308 egro
1255 3236 1317 3291 loeo
1340 3234 1413 3292 ciris

218 3336 342 3377 sonsnue
364 3320 536 3379 sociorumve
557 3320 668 3377 nominis
691 3321 781 3390 lstini,
810 3323 904 3393 quibus
933 3339 969 3378 ex
991 3323 1104 3378 tornule
1135 3327 1290 3394 topetoruue
1313 3321 1408 3378 milltes

218 3405 245 3464 in
269 3412 340 3463 terre
362 3406 436 3463 ltstis
458 3408 590 3480 inpersre
611 3407 716 3478 solent,
739 3424 832 3480 ugrum
856 3409 944 3465 locum
966 3409 1097 3483 pubiicum
1118 3408 1342 3482 pupuli'romsni
1373 3408 1408 3465 de

219 3510 267 3552 sss
289 3494 462 3567 nosocomum
493 3500 568 3550 vetus
599 3509 741 3567 possessor
771 3511 858 3567 prove
886 3502 979 3552 vetere
1001 3511 1160 3571 possessore
1183 3495 1274 3566 dedit,
1304 3510 1359 3568 quo
1380 3496 1408 3552 iu

219 3596 289 3653 sgro
311 3579 373 3636 loco
396 3580 521 3654 oppidum
544 3580 684 3637 colonisve
708 3598 743 3637 eu
765 3581 829 3653 lege
851 3583 957 3656 plebiue
979 3583 1047 3639 scito
1070 3582 1293 3652 constitueretur,
1317 3583 1409 3639 dedu·

220 3673 343 3738 seretur,
374 3667 576 3737 conlocaretur,
608 3683 661 3740 quo
685 3667 711 3724 in
742 3684 811 3738 egro
840 3668 908 3725 locu
934 3668 1053 3725 triumvir
1081 3668 1205 3725 colonius
1233 3668 1408 3726 deducendes

184 3746 201 3779 '
220 3760 328 3812 orestus
350 3742 381 3810 id
400 3754 526 3828 oppidusu
548 3754 716 3812 colonismve
738 3772 773 3811 ex
796 3755 859 3826 lege
878 3756 986 3829 plebise
1002 3755 1070 3813 scito
1086 3755 1231 3827 coustituit,
1253 3755 1408 3827 deducitve,

214 3836 444 3914 ¹conloeevitspue:
474 3858 552 3914 quem
575 3858 669 3912 sgnum
699 3842 822 3899 locumve
850 3858 900 3916 pro
923 3859 957 3900 eo
980 3859 1048 3913 egro
1074 3844 1198 3900 locumve
1225 3843 1260 3899 de
1282 3859 1317 3899 eo
1337 3858 1408 3915 egro

220 3927 295 3999 loeo,
317 3927 361 4001 qui
382 3927 504 4002 publicus
525 3929 619 4003 populi
641 3929 741 3986 romani
763 3927 790 3984 in
813 3935 912 3987 terren
934 3929 1034 3989 ltslieru
1057 3931 1084 3987 Ρ.
1103 3927 1201 4000 Recio,
1223 3929 1250 3987 t.
1265 3928 1408 4002 ῦῴοτοίο

220 4015 370 4075 consulibus
393 4014 457 4086 tuit,
480 4021 557 4072 extre
579 4033 639 4073 enm
661 4031 755 4085 sgnum
778 4014 883 4074 locun.
905 4017 950 4089 qui
971 4033 1039 4089 sper
1061 4018 1135 4074 looss
1157 4032 1193 4075 es
1214 4016 1278 4088 lese
1299 4016 1409 4089 prestre
1427 4012 1444 4036 ‘

219 4101 304 4174 scito,
333 4102 459 4175 quodi).
480 4102 653 4177 Sempronius
681 4101 779 4160 Tiberii
800 4102 867 4161 titius
890 4103 999 4161 tribinus
1027 4103 1115 4178 pletis
1136 4103 1245 4176 nonsit
1266 4109 1409 4178 exsepturu

325 4336 353 4461 13
370 4340 491 4394 mendose
506 4338 645 4409 pudlicedc.
670 4365 701 4376 -
723 4335 753 4407 2)
771 4341 797 4392 in
815 4339 913 4394 tubuls:
931 4338 976 4393 XE
993 4356 1039 4409 pro
1057 4338 1100 4392 ut
1126 4366 1157 4377 -
1182 4336 1212 4405 ³)
1229 4348 1299 4393 truus
1318 4330 1407 4393 mete

219 4421 276 4461 mess
293 4409 330 4462 llu
349 4448 356 4461 .
374 4408 424 4461 Sed
442 4418 513 4462 trans
529 4411 630 4461 curiose
647 4410 784 4463 clarissime
804 4409 905 4462 tubulus
922 4412 1046 4478 scripture
1065 4409 1203 4476 Gottlinpio
1221 4418 1294 4462 teste.
1317 4408 1409 4478 lsipse

221 4475 324 4544 (Geren.
343 4479 447 4531 droun.
466 4478 703 4547 Stsstsverlsssung.
727 4496 751 4547 p.
770 4481 835 4544 stu)
854 4481 976 4532 coniecit:
1001 4480 1068 4530 trsud
1092 4479 1247 4531 Rubiconem
1271 4480 1409 4533 mendosus

219 4551 357 4616 scripturus
374 4548 493 4613 eubeeee3
517 4546 635 4599 Huschke
660 4546 734 4613 (lirit.
752 4547 908 4600 lslsrbilcher
933 4549 973 4600 lius
990 4547 1156 4601 lleclutswiss.
1180 4546 1227 4601 Bu.
1245 4546 1276 4602 x.
1300 4565 1326 4617 p.
1344 4546 1408 4613 592)

220 4618 412 4687 intelligendum
430 4633 486 4671 esse
504 4613 585 4692 κὴριοο
602 4612 666 4690 ὄρος,
683 4619 753 4670 culus
767 4615 860 4673 Strelm
884 4613 928 4683 (x,
943 4631 970 4685 p.
988 4617 1046 4673 snt.
1065 4616 1137 4684 565.)
1159 4620 1315 4671 mentionem
1337 4618 1407 4675 tsstt
