3106 5122
264 398 330 470 808
598 404 678 459 inser.
697 406 827 474 pmeme.
859 407 922 477 Gap.
940 406 971 461 n.
1004 396 1125 462 Tabulae.

262 562 373 644 quibus
395 561 559 626 adtributae
587 570 706 642 essent,
734 582 763 646 q.
786 564 815 627 d.
838 584 866 629 e.
889 584 913 628 r.
937 566 956 628 i.
979 584 1008 647 p.
1031 564 1060 636 d.
1084 584 1112 627 c.
1133 580 1158 627 r.
1181 564 1200 627 i.
1223 564 1249 626 c‘.
1269 563 1320 625 liti
1342 562 1378 625 iis
1400 576 1468 624 us-

263 664 325 731 que
345 660 480 712 muneret
501 648 660 714 adtributio
682 666 842 732 aquarum,
871 654 1007 734 exceptis
1029 670 1105 736 quae
1127 653 1157 714 iu
1177 668 1263 714 usum
1285 648 1469 715 summm

262 743 368 800 essem
390 737 477 800 datae
498 743 549 801 aut
572 735 699 823 Augusti
722 740 858 817 nominc,
888 739 986 823 quoad
1016 738 1104 801 iidem
1134 737 1244 801 domiui
1265 735 1471 820 possiderent

261 822 293 886 id
314 822 423 901 solum,
445 824 475 886 iu
498 841 560 904 que
582 827 769 904 accepissent
790 834 904 907 uquam.
929 821 1072 907 (liabens,
1094 822 1176 904 ibid,
1198 838 1262 906 cap.
1287 819 1379 906 1⁰8.)

366 1029 455 1105 Quod
477 1030 512 1105 0.
535 1029 638 1097 Aelius
666 1032 796 1111 Tubero,
824 1030 940 1097 Paullus
969 1031 1077 1096 Fabius
1106 1031 1251 1095 Maximus
1281 1048 1361 1095 coss.
1384 1050 1413 1092 v.
1444 1028 1469 1095 i.

262 1114 301 1181 cie
323 1114 395 1181 rivis
418 1119 555 1199 specibus
569 1117 791 1201 fornicibusquo
806 1118 895 1183 luliae
919 1119 1047 1185 biarciae
1067 1118 1182 1199 Appiae
1203 1117 1336 1200 Tepulae
1357 1116 1471 1185 Anio-

261 1205 309 1269 nis
339 1203 526 1282 reiciendis,
557 1224 585 1287 q.
609 1205 637 1268 d.
662 1224 689 1268 e.
712 1226 736 1270 r.
760 1205 778 1268 i.
803 1225 831 1287 p.
856 1206 883 1268 d.
907 1226 934 1287 e.
958 1225 982 1269 r.
1005 1207 1024 1267 i.
1048 1225 1075 1268 c.
1098 1204 1144 1269 Uti
1166 1223 1232 1267 cum
1254 1204 1273 1266 ii
1295 1205 1354 1267 rivi
1382 1222 1471 1286 spe-

261 1309 316 1356 cus
330 1288 359 1379 ¹)
391 1290 523 1355 fornices
553 1310 630 1373 quos
659 1294 812 1375 Augustus
835 1290 943 1356 Caesar
970 1311 1005 1355 se
1034 1291 1217 1355 relecturum
1246 1292 1380 1372 impensu
1401 1311 1470 1359 suu

282 1376 412 1443 ollicitus
433 1377 552 1441 senalui
574 1386 637 1448 est,
659 1378 872 1454 reficerentur3
901 1397 940 1442 ex
962 1379 1042 1461 agris
1063 1378 1245 1460 privatorum
1268 1382 1346 1441 terra
1369 1376 1471 1442 liuius

259 1397 335 1546 iiipis
360 1468 436 1526 testa
458 1458 592 1548 arena²)
614 1465 693 1548 ligna
716 1472 878 1547 ceteraque
900 1466 1005 1549 quibus
1029 1463 1065 1527 ad
1088 1484 1153 1527 eam
1176 1482 1240 1527 reor
1263 1482 1340 1547 epus
1362 1474 1469 1547 esset,

258 1551 340 1615 uude
370 1567 510 1632 quaeque
538 1568 643 1614 corum
679 1552 813 1634 proxime
849 1553 915 1615 sine
945 1550 1047 1614 iniuria
1076 1553 1260 1632 privatorum
1291 1551 1351 1614 tolli
1379 1552 1471 1614 sumi

258 1640 373 1720 portari
394 1643 536 1718 possent,
559 1638 615 1700 viri
636 1634 747 1720 bouil)
770 1638 913 1702 arbitratu
942 1639 1094 1700 aestimata
1116 1638 1259 1701 darentur
1280 1638 1470 1702 tollerentur

258 1730 450 1789 sumerentur
470 1730 710 1805 exportarentur,
733 1732 763 1787 et
784 1723 821 1788 ad
844 1742 896 1787 eas
919 1742 969 1789 res
991 1740 1095 1787 omnes
1115 1723 1320 1806 exportlndas
1334 1742 1470 1788 mrum-

258 1829 319 1892 qne
339 1826 440 1873 rerum
463 1809 691 1874 reficiendarum
714 1826 815 1888 causa,
838 1812 975 1891 quotiens
997 1828 1073 1892 opus
1095 1817 1187 1888 esset,
1210 1822 1368 1894 peragras
1390 1815 1471 1893 pri-

257 1905 395 1960 vaturum
417 1897 483 1960 siae
503 1897 609 2065 inJiuria
633 1914 736 1960 eorum
757 1899 865 1967 itinera
885 1902 970 1961 ectus
986 1903 1122 1978 paterent
1136 1895 1288 1965 darentur.
1312 1894 1470 1981 ffnoerm,

257 1982 523 2065 ibid.‚mp.125.

830 2085 876 2147 Vl.

363 2188 449 2265 Quod
476 2190 513 2263 Ο.
543 2188 647 2253 aeuus
676 2186 808 2268 Tubero,
837 2188 955 2253 Paullus
975 2186 1083 2253 Fabius
1104 2191 1251 2257 Maximus
1281 2210 1361 2259 coss.
1387 2194 1468 2259 mi.

257 2294 404 2359 aquarum
433 2275 564 2357 quaein
596 2278 700 2339 urbem
730 2278 865 2340 venirent
895 2277 1000 2339 itinera
1030 2280 1169 2359 occupari
1198 2280 1400 2344 monumentis
1434 2288 1468 2346 ct

258 2360 401 2428 aediliciis
424 2370 456 2425 et
478 2360 635 2426 arboribus
659 2363 789 2438 conseri,
812 2381 841 2445 q.
864 2360 885 2423 i.
907 2381 937 2442 p.
960 2362 988 2424 d.
1010 2381 1038 2423 e.
1061 2380 1084 2425 r.
1106 2363 1126 2425 i.
1150 2384 1177 2428 c.
1207 2364 1254 2429 Ad
1276 2366 1468 2433 reficiendos

256 2452 341 2516 rivus
362 2466 533 2532 specusque
562 2455 592 2511 et
615 2468 693 2530 quae
724 2462 835 2530 perca
858 2465 950 2528 opera
979 2446 1159 2530 reipublicae
1188 2452 1466 2539 corumpuntur⁴),

254 2538 376 2621 placere
398 2537 480 2599 circa
502 2535 600 2599 iontes
622 2543 653 2599 et
681 2533 813 2598 fornices
835 2542 869 2601 et
887 2552 987 2597 muros
1017 2539 1143 2616 utraque
1165 2557 1205 2600 cx
1226 2547 1312 2621 parte
1341 2558 1465 2607 uacuos

255 2625 366 2707 quinos
377 2621 474 2687 denos
486 2620 580 2703 pedes
597 2630 711 2705 patere,
734 2629 765 2684 ct
777 2623 858 2684 circa
870 2623 952 2683 rivos
968 2622 1017 2702 qui
1031 2622 1088 2684 sub
1102 2629 1183 2687 terra
1197 2634 1311 2706 essent,
1334 2635 1366 2690 et
1381 2647 1465 2711 spe-

254 2728 311 2775 cus
333 2712 410 2774 iutra
432 2708 536 2773 urbem
559 2714 589 2772 et
611 2717 697 2773 cntra
720 2709 842 2785 urbem,
870 2708 944 2769 intra
972 2709 1151 2772 continentia
1172 2712 1305 2776 aedilicia
1327 2722 1464 2796 utraque
1509 2786 1510 2791 ἵ

254 2814 296 2863 ex
317 2802 403 2881 parte
425 2798 533 2878 quinos
555 2796 648 2878 pedes
671 2810 784 2858 vacuos
805 2794 951 2874 relinqui,
981 2795 1020 2856 ita
1048 2801 1079 2856 ut
1101 2814 1201 2878 neque
1230 2808 1464 2867 amonentem
1506 2818 1509 2875 3

253 2886 284 2949 m
305 2883 352 2948 luis
374 2884 467 2961 loric,
490 2898 588 2964 neque
611 2878 773 2946 aedilicium
795 2886 863 2961 post
884 2880 942 2943 boc
962 2884 1077 2962 tempus
1098 2900 1229 2964 ponere,
1251 2900 1353 2968 neque
1378 2906 1464 2951 cou-
1504 2878 1507 2949 j

255 2988 363 3037 serere
386 2968 511 3035 arbores
533 2971 637 3034 liceret
644 2990 654 3045 3
677 2971 702 3033 si
719 2986 795 3051 quac
812 2982 892 3029 nunc
907 2975 1008 3029 essent
1030 2967 1153 3032 arbores
1171 2973 1247 3035 intra
1264 2972 1294 3035 id
1313 2975 1463 3057 spatium,
1501 2972 1504 3045 ς’

253 3059 479 3136 exciderentur,
501 3066 707 3140 praeterquam
730 3057 757 3119 si
778 3070 855 3136 quae
877 3053 963 3116 villae
987 3056 1172 3119 continentes
1191 3065 1222 3119 et
1237 3059 1378 3123 inclusae
1399 3082 1462 3125 ae-
1497 3056 1501 3141 ,l

254 3142 359 3209 diliciis
382 3154 501 3220 essent3
524 3147 549 3208 si
572 3146 637 3225 quis
660 3143 806 3206 adversus
828 3156 864 3203 ea
886 3140 1074 3219 commiserit,
1094 3143 1124 3203 in
1139 3145 1274 3227 singulas
1289 3165 1342 3211 res
1356 3162 1463 3231 pecua
1495 3150 1498 3237 p

252 3228 300 3296 its
323 3232 400 3295 dena
423 3230 508 3293 millia
531 3237 652 3307 essent,
680 3248 719 3290 ex
741 3229 848 3309 quibus
870 3240 939 3308 pars
962 3226 1078 3289 dimidiu
1099 3231 1261 3309 praemium
1285 3239 1463 3300 accusatori
1493 3244 1495 3269 ⁴

253 3314 386 3395 daretur,
408 3320 493 3380 cuius
517 3334 610 3399 opera
631 3317 758 3378 maxime
781 3313 934 3376 convictus
956 3321 1038 3376 esset
1060 3317 1110 3397 qui
1131 3316 1277 3381 adversus
1299 3319 1362 3384 boo
1385 3338 1414 3385 s.
1432 3340 1459 3383 c.

252 3404 449 3468 commisisset
456 3424 466 3480 3
488 3422 558 3486 pars
580 3410 679 3466 autem
703 3400 819 3463 dimidia
842 3403 871 3462 iu
895 3401 1037 3463 aeranem
1060 3400 1249 3486 redigeretur
1256 3426 1266 3481 3
1293 3406 1398 3493 deque
1424 3426 1460 3471 eu

251 3504 288 3554 re
308 3491 476 3660 iudiearfient
498 3494 781 3573 cognoscerentquc
810 3494 966 3551 curatores
994 3505 1146 3568 aquarum.
1192 3487 1348 3574 (Fanum,
1372 3494 1486 3587 mut

251 3596 318 3660 cap.
342 3575 415 3641 127.

251 3715 367 3725 ——-—-——

357 3795 386 3863 l)
408 3812 509 3863 Μ,
532 3808 600 3862 quae
623 3808 675 3846 uox
696 3795 722 3845 ia
746 3792 821 3845 endu
847 3791 1019 3855 martenum,
1045 3807 1078 3843 eu
1228 3796 1314 3855 m
1342 3800 1461 3855 „affl

250 3864 368 3919 &bultio
385 3874 489 3919 tumore
508 3862 643 3916 Dedericb.
663 3890 694 3899 -
714 3858 744 3927 2)
762 3862 801 3914 es
819 3862 996 3913 emendatione
1015 3859 1176 3927 Dedercbii3
1193 3860 1271 3916 codd.
1283 3876 1312 3918 et
1324 3850 1476 3921 edicione?

249 3935 432 3990 antecedentes
456 3932 679 3986 Dedericbianam:
703 3941 796 3982 umam
813 3930 899 3981 aaa·
916 3929 1021 3996 lapidem
1043 3938 1129 3982 tutan
1152 3949 1268 3986 m
1293 3962 1332 3973 -
1356 3934 1390 4001 3)
1410 3954 1460 3989 w.

251 4022 309 4057 cem
327 4004 398 4068 lesi,
423 4020 473 4072 qua
491 4002 565 4054 codd.
583 4011 685 4065 carent,
710 4009 779 4053 recte
798 4001 902 4051 muniit
919 3998 1051 4050 iucundus.
1077 4025 1108 4034 —
1133 3998 1163 4066 ⁴)
1186 4000 1312 4055 Codices:
1336 4005 1409 4059 Gu-
1427 4007 1460 4063 ad

248 4073 405 4128 reiciendus
421 4074 492 4123 ricus
508 4086 649 4139 specusque
668 4086 716 4139 per
739 4082 805 4138 quae
823 4077 850 4119 et
866 4082 943 4133 opera
966 4066 1065 4135 publica
1083 4080 1287 4138 commpaubrr.
1318 4072 1459 4129 dedicione,

249 4146 367 4197 omittunt
385 4156 473 4192 omnes
490 4157 581 4192 vocem
598 4156 667 4201 cumr,
686 4141 781 4208 quippe
800 4150 867 4205 quae
885 4136 1013 4201 geminata
1035 4138 1099 4206 sigla
1116 4140 1309 4205 praecendente
1328 4143 1352 4196 C
1372 4146 1466 4213 irrep-,r

249 4206 462 4267 seminicem:
483 4209 526 4261 Ad
543 4210 682 4275 reficiendos
699 4208 765 4259 risos
789 4222 920 4274 specuque
942 4222 987 4274 per
1004 4222 1066 4272 quac
1083 4216 1107 4258 et
1120 4224 1197 4274 opera
1213 4210 1318 4276 prdttea
1337 4202 1465 4265 ml

248 4290 348 4355 paetum.
378 4278 509 4331 Schulaius
526 4281 550 4330 in
569 4278 617 4330 Ed.
635 4276 821 4330 Dedericbiaua
840 4275 954 4326 coniicit:
977 4274 1038 4326 Cum
1054 4277 1088 4328 dd
1104 4278 1245 4339 reprimere
1261 4280 1334 4333 cinea
1352 4266 1463 4353 mmet

248 4364 295 4473 g:
310 4351 440 4420 perticam,
458 4362 533 4417 aeque
551 4364 581 4399 ec
597 4362 673 4416 opera
690 4362 769 4415 σφωε
785 4342 899 4414 publicae
915 4354 1124 4413 comptwiflfl·;
1141 4347 1261 4400 lordum:
1280 4349 1411 4404 Aris-elici

249 4416 836 4541 mamnwsciiieentiiicairiiriisdueia
843 4416 1456 4547 mufflfffimwmm

249 4558 387 4614 lectione!
403 4557 565 4621 mni-us,
583 4558 633 4608 esti
649 4570 701 4606 auu
718 4567 899 4622 usquequaque
916 4550 1007 4621 placet
1446 4548 1454 4595 i
