3106 5122
558 436 624 518 §.¹⁸2
639 436 765 551 ''Sanatna
782 438 903 509 concita.
1148 492 1151 497 »
1258 448 1325 520 289
1385 512 1390 520 .

136 631 292 674 caesareum
313 613 523 673 Vindohoaeusc
546 617 710 687 nancietum,
732 616 778 674 uhi
800 634 868 674 nuno
891 622 1049 675 asservator.
1083 613 1174 675 'i'utiua
1196 614 1236 674 rei
1254 634 1322 675 cau·

136 720 193 760 ram
216 710 246 759 et
268 709 375 760 senatun
398 702 512 759 consuiti
535 720 588 775 quo
612 703 783 760 Bacchanalia
806 721 855 777 per
878 710 959 762 totum
981 704 1081 763 italiam
1102 704 1260 762 vetabantur
1274 722 1323 762 ar-

135 797 290 861 gumentum
312 796 418 847 enarrat
439 790 525 846 Liviae
547 790 592 847 iib.
614 788 733 848 XXXIX.
763 808 821 864 cup.
843 790 871 847 9.
913 792 1061 849 Secundum
1091 790 1228 864 Giittiingii
1256 809 1324 849 aen-

136 876 245 934 tentiam
270 877 336 951 aptio
359 876 504 933 rationibus
527 877 706 933 confirmatam
728 894 782 934 uon
805 883 846 933 eat
868 877 1065 936 instrumentum
1086 877 1325 937 senatusconsulti

135 963 320 1035 originarium,
342 964 390 1020 sed
412 964 501 1038 potina
524 964 660 1021 conanium
683 963 797 1021 edictum
820 964 853 1043 ad
877 965 1041 1036 foederator,
1064 964 1106 1022 aui
1128 964 1325 1023 huiuaaenaina

135 1050 252 1107 conauiti
276 1050 362 1124 capita
385 1050 520 1124 potissim
542 1050 731 1107 insererentur.
775 1050 850 1108 diuiti
880 1053 996 1109 tabariam
1018 1051 1159 1109 ediderunt
1181 1051 1215 1107 de
1238 1068 1325 1125 caque

135 1137 307 1195 commentati
329 1143 388 1193 aunt
411 1138 444 1193 ab
476 1136 624 1194 iiauboidio
646 1137 759 1194 idonnrn.
788 1138 842 1211 leg.
864 1156 889 1212 p.
914 1140 931 1193 5
963 1138 1126 1211 enumerati,
1155 1138 1225 1195 inter
1256 1154 1324 1212 quoe

134 1222 255 1298 inprimis
284 1223 508 1280 commemorandi
537 1230 612 1280 aunt:
643 1223 788 1282 iiattiraena
807 1225 957 1299 Aegyption
988 1218 1120 1304 (senatun
1148 1224 1259 1282 coacuit
1288 1225 1325 1282 de

134 1310 353 1367 bacchanalibus.
375 1310 485 1385 Neapoi.
502 1308 593 1367 1729.
615 1310 660 1367 ioi.
684 1315 711 1366 et
734 1312 759 1368 io
781 1312 872 1369 Poieni
895 1312 1029 1386 Suppienr.
1052 1312 1187 1384 utriusque
1204 1310 1324 1370 thesauri

133 1398 209 1456 Tora
231 1397 252 1453 i.
274 1415 300 1471 p.
325 1388 414 1473 735.)
438 1397 510 1453 euius
542 1396 754 1454 dissertationem
785 1398 811 1454 in
835 1399 1018 1472 compendium
1048 1398 1119 1455 misit
1147 1398 1324 1456 Drakenbor-

135 1484 210 1540 ciaina
240 1483 313 1540 inm.
336 1483 393 1539 vn.
417 1484 479 1541 adit.
501 1482 566 1539 Livii
588 1501 614 1556 p.
634 1483 711 1554 1973
732 1484 848 1541 Fabretti
874 1485 955 1542 lacer.
978 1503 1004 1559 p.
1018 1485 1089 1542 427.
1112 1484 1212 1558 Georg.
1235 1484 1325 1543 Fried.

135 1570 286 1629 Groteiend
308 1565 383 1650 (Lat.
406 1570 546 1627 Grammat.
569 1570 643 1628 Tam.
665 1569 697 1627 11.
720 1588 746 1644 p.
770 1562 869 1650 297),
898 1571 1059 1629 iiauboidioa
1082 1561 1207 1650 (tionum
1229 1571 1284 1645 ieg.
1305 1572 1325 1629 i.

134 1658 151 1714 1.
174 1664 203 1714 et
225 1657 321 1715 icatitt.
344 1657 393 1714 iar.
415 1670 516 1714 rnnran.
537 1656 605 1713 iiter.
627 1675 653 1731 p.
668 1648 769 1736 2503
792 1656 951 1730 Ecdicium,
973 1659 1016 1733 qui
1032 1665 1095 1733 poat
1110 1660 1143 1715 ii.
1159 1657 1325 1732 Aegyptium

135 1742 360 1802 accuratissimum
390 1744 461 1816 qnod
485 1743 581 1800 dicitur
608 1742 870 1802 iaeaimiie'tabuiae
900 1745 1021 1802 deditio
1044 1745 1171 1817 catalogo
1202 1744 1325 1802 codicum

136 1832 181 1888 iat.
205 1828 388 1887 bibliothecae
410 1830 563 1887 Vindobon.
586 1829 713 1887 Viennae.
739 1829 829 1888 1836.
858 1830 931 1887 Toni.
953 1831 973 1888 i.
996 1832 1049 1888 tab.
1074 1830 1101 1889 1.
1133 1830 1227 1904 Egger
1250 1822 1325 1910 (Lat.

135 1935 213 1975 cerm.
245 1918 320 1990 reiiq.
349 1934 375 1991 p.
401 1902 500 1996 120),
530 1916 651 1988 Gdttiing
673 1911 826 1995 (Fdoineinn
857 1923 922 1975 edna.
945 1918 1062 1976 iirirond.
1092 1937 1118 1993 p.
1140 1909 1211 1997 2⁷.)
1234 1916 1325 1976 denno

136 2010 239 2062 textum
263 2005 296 2061 ad
318 2004 434 2061 tabuioro
457 2019 566 2061 aeneam
590 2003 785 2061 occuraticaime
808 2004 911 2076 exegit.

243 2117 310 2205 [Q.]
334 2120 462 2185 Marcius
484 2121 514 2183 i..
537 2119 556 2183 1.
581 2121 611 2189 S.
634 2120 800 2185 Postumius
821 2120 854 2184 L.
877 2120 896 2184 i.
920 2140 981 2187 cos.
1004 2130 1139 2186 senatum
1160 2122 1325 2187 coracine-

136 2215 206 2272 rnnt
221 2207 257 2272 ii.
270 2207 300 2294 ¹)
323 2207 440 2287 Octob,
462 2207 539 2288 apud
561 2206 664 2271 aedem
685 2208 836 2271 Dneionai.
859 2208 907 2273 Sc.
930 2204 1025 2292 arist)
1046 2210 1085 2273 iii.
1109 2208 1219 2273 Giauali.
1240 2209 1279 2273 iii.
1300 2207 1324 2273 1.

135 2296 169 2358 L.
189 2295 297 2358 Valeri.
319 2294 350 2357 Ρ.
366 2294 386 2357 1.
402 2293 437 2368 Q.
460 2294 576 2357 Minuci.
600 2294 632 2356 C.
646 2293 668 2356 1.
691 2293 735 2356 De
750 2295 939 2360 Baoanaiibus
962 2296 1030 2378 quei
1052 2294 1207 2361 ioideratei
1227 2302 1326 2377 eaent,

135 2383 176 2446 ita
198 2379 411 2444 andainendnm
433 2398 578 2444 censuere
588 2376 635 2464 ⁸):
658 2380 706 2443 nei
730 2382 798 2462 quis
819 2401 923 2445 eorum
944 2382 1065 2446 bacunai
1074 2379 1105 2467 ⁴)
1130 2382 1250 2446 habuisa
1265 2400 1325 2446 ve-

135 2469 187 2532 iet.
209 2468 257 2533 Sei
281 2486 355 2550 ques
379 2474 483 2546 esent,
512 2469 580 2547 quei
602 2468 677 2529 siboi
699 2466 850 2531 deicerent
879 2487 1009 2533 oeceses
1032 2488 1085 2533 ese
1114 2467 1237 2533 hacanai
1264 2468 1341 2553 ira-¹

137 2556 229 2633 bere,
258 2556 321 2617 aeis
344 2555 404 2617 ntci
426 2553 462 2616 nd
484 2572 527 2636 pr.
551 2554 693 2617 urbanum
714 2554 835 2618 Romam
865 2556 1018 2636 uenirent,
1048 2555 1147 2637 deque
1176 2556 1239 2620 ecia
1268 2574 1325 2619 re·

137 2643 202 2721 bns,
225 2642 292 2704 uinci
314 2658 417 2705 eornm
441 2642 530 2703 verba
542 2635 572 2724 ⁵)
595 2640 690 2703 andita
712 2648 807 2721 esent,
828 2642 887 2705 utei
909 2648 1031 2706 senatus
1053 2650 1156 2706 noster
1170 2641 1323 2706 decarne·

137 2737 192 2807 ret,
215 2727 284 2791 dum
306 2746 344 2791 ne
366 2728 459 2790 minus
481 2729 668 2791 senatoribus
691 2727 715 2791 0
735 2727 867 2806 adesent,
890 2723 996 2812 [quom
1018 2725 1069 2812 e]a
1092 2746 1142 2793 res
1165 2727 1324 2793 cosulere-

137 2811 236 2901 tnr‘J.
258 2809 392 2897 Bacas⁷)
415 2815 461 2877 vir
482 2814 587 2896 nequis
609 2812 709 2877 adiese
731 2814 811 2878 vaiet
832 2815 924 2878 eeivis
946 2832 1101 2895 romanus,
1123 2834 1201 2878 nare
1221 2815 1324 2878 nomi·

139 2921 196 2967 nus
216 2896 344 2985 iatiu[i],
367 2918 442 2963 neve
464 2902 578 2964 socium
601 2903 762 2981 qnisquam,
785 2902 859 2964 nisui
880 2920 924 2982 pr.
948 2902 1090 2966 urbanum
1112 2900 1255 2981 acrescat,
1275 2903 1324 2965 ia-

137 3004 194 3073 que
217 2987 255 3050 de
278 2995 419 3051 aenatnos
441 2985 624 3067 sententiad,
651 2986 719 3049 dom
753 3005 791 3049 ne
814 2988 909 3051 minus
938 2988 1123 3053 senatoribus
1145 2987 1169 3051 C
1189 2987 1324 3068 adescat,

138 3092 225 3158 quom
250 3092 285 3138 eu
312 3092 361 3138 res
391 3072 594 3152 nominantur,
624 3068 824 3157 ioosisent⁸),
854 3091 1017 3150 censuere3
1045 3073 1187 3139 sacerdos
1215 3075 1324 3155 nequis

137 3165 181 3226 rir
210 3168 294 3240 eset,
323 3161 463 3243 magister
491 3162 588 3239 ireque
617 3161 663 3221 vir
691 3178 789 3242 neque
818 3160 924 3223 mulier
951 3161 1105 3241 quicquam
1132 3166 1214 3236 eaet3
1242 3176 1323 3222 neve

136 3250 293 3331 pecuniam
315 3249 469 3329 quoquam
490 3264 592 3311 eornm
622 3248 786 3311 comninem
815 3242 971 3329 [h'abuise
993 3248 1088 3327 velet,
1117 3266 1195 3311 nave
1223 3246 1323 3329 magi-

136 3344 278 3410 atraturn3
319 3352 395 3397 nove
424 3351 479 3414 pro
515 3333 708 3416 magistratoo
737 3351 835 3415 neque
912 3334 1007 3397 virnrn
1033 3352 1135 3416 nequa
1170 3333 1324 3399 mulierem

137 3424 278 3503 numnam
300 3419 394 3484 ianua
415 3419 510 3496 velet3
532 3438 608 3483 neve
630 3419 753 3501 posthac
773 3422 852 3483 iuter
866 3421 920 3485 sed
932 3422 1118 3501 unumunurn,
1140 3438 1217 3486 nara
1232 3438 1323 3486 oona-
1406 3487 1413 3498 ‚

136 3511 252 3589 noune,
273 3524 349 3571 nare
371 3505 580 3590 compendien,
601 3524 678 3569 neve
700 3508 931 3589 compromcaise
953 3507 1041 3589 velet,
1066 3526 1143 3573 neae
1165 3507 1322 3590 quiequam

139 3675 258 3683 m...-

241 3756 270 3829 1)
288 3762 367 3816 Litana
385 3760 407 3814 n
428 3765 461 3814 ita
485 3770 524 3814 eat
546 3760 669 3827 insculpta
687 3768 714 3811 ut
733 3758 832 3812 citerius
850 3758 958 3812 iincoiae
976 3759 1065 3813 ductor
1089 3775 1103 3810 a
1121 3760 1203 3826 prima
1218 3754 1323 3825 panium

135 3842 284 3902 separetur,
307 3848 339 3885 ne
360 3848 390 3884 ue
407 3846 455 3900 pro
472 3834 544 3897 cigno
563 3831 659 3882 numeri
678 3829 709 3879 lv
727 3829 871 3895 accipienda
890 3838 958 3894 erat,
981 3838 1009 3880 ut
1025 3828 1111 3894 pinrea
1127 3828 1238 3881 aditurae
1254 3826 1324 3880 maie

136 3904 257 3956 iecerunt.
277 3928 307 3937 -·
326 3849 356 3965 2)
375 3900 509 3953 scribendo
527 3898 656 3951 crinciunt
674 3895 748 3965 (prot
766 3898 973 3962 adiumenti-
993 3894 1022 3962 3)
1040 3897 1122 3950 Verba
1145 3896 1184 3949 De
1199 3896 1322 3949 &omn-

136 3972 199 4024 tina
215 3981 265 4023 etc.
290 3971 368 4023 inteiit
388 3987 403 4023 e
427 3986 457 4023 ac
474 3973 495 4021 ai
512 3970 651 4021 diceretur:
675 3967 809 4019 foederatis
832 3970 865 4019 ita
889 3966 1040 4019 edicendum
1063 3982 1185 4019 eenmme
1207 3965 1241 4018 de
1257 3964 1322 4017 irau-

136 4040 291 4095 maurane.
321 4041 343 4093 G
394 4054 433 4107 ap.
458 4065 491 4076 -
515 4036 545 4104 4)
564 4039 593 4090 in
609 4036 707 4089 tabuia:
730 4035 848 4101 manni,
872 4035 992 4088 raeodoae
1010 4050 1058 4100 pro
1075 4034 1183 4088 ineam
1199 4033 1242 4087 uei
1259 4048 1322 4103 praa

134 4128 155 4163 a.
174 4108 204 4175 (i.
222 4126 245 4163 e.
264 4107 350 4174 aecta)
368 4108 505 4161 bauanaiia.
525 4132 557 4142 -
576 4107 606 4173 5)
623 4104 707 4157 tabula
725 4105 860 4158 mendace:
876 4113 941 4156 utrm
958 4129 992 4142 -
1010 4103 1040 4170 ti)
1056 4105 1094 4158 ita
1111 4105 1180 4157 ciere
1190 4105 1322 4172 acriptnn,

135 4180 277 4248 Gottiinpio
291 4188 373 4244 teate,
396 4178 482 4231 tabuia
500 4175 583 4228 habet.
612 4174 735 4227 iiauboid.
753 4177 850 4243 prienen
868 4174 926 4226 edd.
944 4188 1063 4242 aequem:
1086 4190 1127 4226 coa
1142 4173 1269 4226 datorem
1285 4195 1322 4209 -·

134 4250 166 4315 7)
184 4249 268 4301 Bam
283 4251 369 4319 ntique
387 4250 505 4316 antiquae
520 4246 623 4313 acciptio
637 4256 693 4296 ecee
705 4252 797 4313 puteat,
814 4259 862 4311 pro
875 4242 994 4309 Bocchum
1011 4259 1086 4312 quom
1099 4242 1181 4296 iivina
1193 4239 1322 4322 (XXXIX,

134 4319 177 4371 10.
197 4316 375 4383 13.)Bocciaia
390 4317 488 4369 initiari
505 4314 606 4396 habeat.
635 4313 684 4365 Sed
704 4316 789 4366 nescio
807 4328 838 4364 an
863 4312 1013 4396 compendio
1035 4311 1161 4396 acriiiendi
1179 4309 1323 4364 &manian

131 4381 702 4526 ‚initiiniij'ni‘dtii'ii
709 4379 1149 4520 ,identitatgnifiiit
1165 4377 1323 4515 midaii}

133 4527 239 4650 Eetiqota
256 4525 315 4578 edd.
332 4526 425 4578 atticae
440 4524 561 4592 acciptum
578 4521 677 4576 ridetur
693 4520 810 4575 ioannem
825 4534 884 4589 pro:
907 4520 1011 4575 mancat
1035 4548 1068 4559 -
1092 4519 1121 4587 9)
1138 4517 1225 4573 tnbnia
1245 4530 1321 4572 men·

152 4612 211 4650 uae:
230 4611 313 4648 nance.

178 4678 445 4735 vitiarecentem
1124 4671 1168 4741 19
