3106 5122
366 434 370 439 ¹
408 392 456 478 ᾗς.
474 415 506 481 3.Ι
534 414 670 485 appendia
686 378 771 487 legun
788 423 817 471 et
830 414 1112 483 meraritarum
1297 415 1363 491 8⁰6

167 572 279 654 quibus
306 570 524 655 meritoribus
553 589 594 639 ex
615 571 672 637 boc
693 591 768 647 sc.
799 574 987 643 curatoribus
1014 591 1159 656 uquarum
1185 572 1228 639 uti
1248 572 1365 656 limet

168 678 227 727 aar
247 658 403 733 detnsa
424 660 577 740 premaris,
601 661 709 740 qubus
728 660 757 724 S.
780 659 810 725 st
833 660 941 727 tactum
964 669 1057 741 asset,
1077 660 1115 727 ad
1137 662 1283 731 aerarium
1301 660 1364 727 de·

167 745 304 822 lenanu
333 746 445 827 quique
473 747 513 811 ita
542 744 631 813 dolati
652 754 773 826 esseut,
799 748 838 811 iia
857 754 1015 829 praemraa
1043 749 1152 813 aerarii
1179 747 1365 829 mercedem,

167 834 281 897 cibaria
301 840 412 913 manta
434 832 576 913 praelecti
599 832 750 901 frumunto
771 832 869 899 dando
892 833 963 911 dare
985 832 1166 917 delerrequa
1181 834 1290 915 solent,
1304 853 1365 901 aa·

167 938 230 984 nna
253 919 358 982 darent
388 926 419 981 ct
448 918 666 998 adtribuerent,
683 920 792 1002 'iisque
822 938 874 983 eas
903 922 1042 1001 pecunias
1069 923 1134 985 sine
1161 921 1265 985 iraude
1292 940 1367 987 suas

168 1006 271 1071 iacere
292 1007 406 1095 liceret.
451 1006 556 1087 Utique
579 1007 694 1073 tabulas
716 1007 833 1073 chartas
856 1014 1026 1112 ceteraque,
1049 1027 1129 1090 quae,
1148 1010 1213 1073 eius
1229 1011 1365 1075 curatio·

169 1096 217 1157 nis
240 1093 330 1156 causa
353 1110 428 1175 opus
452 1100 534 1155 esset
563 1092 598 1156 iis
629 1094 814 1157 curatoribus
835 1095 988 1175 praeberi,
1011 1112 1047 1156 ea
1069 1094 1104 1167 Q.
1121 1092 1224 1159 Aelius
1247 1094 1365 1160 Paullus

62 1180 69 1199 ¹
168 1180 278 1244 Fabius
302 1197 379 1247 coss.
403 1178 490 1247 ambo
513 1179 635 1259 alterve,
658 1180 685 1242 si
707 1182 744 1242 iis
766 1179 922 1260 videbitur,
945 1178 1081 1244 adhibitis
1104 1182 1291 1263 praetoribus
1313 1184 1366 1265 qui

169 1270 289 1332 aerario
311 1266 461 1349 praedm,
483 1266 652 1348 praebenda
681 1266 798 1342 locent;
827 1269 975 1349 itemque,
1005 1287 1070 1331 cum
1098 1268 1214 1332 viarum
1244 1284 1365 1351 quoquc

169 1361 329 1418 curatores
352 1352 554 1435 frumentique
576 1361 658 1435 purte
687 1354 791 1436 quarta
813 1352 882 1416 anni
903 1352 1019 1435 publico
1050 1350 1251 1504 iungantur?
1275 1357 1365 1419 mini-

169 1443 281 1520 sterio,
312 1444 345 1503 ut
375 1446 528 1503 curatores
557 1452 700 1505 auarum
738 1439 852 1504 iudiciis
881 1448 988 1504 vacent
1019 1442 1140 1522 priuatis
1166 1440 1364 1527 pubicisque.

170 1524 316 1612 ffuonrm,
338 1525 376 1589 dc
399 1459 640 1608 Aquaed'uctdrus
663 1524 745 1591 urbis
767 1527 890 1605 Romae,
912 1546 975 1608 cap.
994 1525 1094 1613 tou.)

744 1620 785 1695 ll.

277 1735 363 1811 Quod
385 1738 420 1811 0.
437 1734 541 1801 delius
561 1736 690 1815 Tubero,
712 1735 830 1803 Paullus
852 1735 958 1803 Fabius
978 1737 1124 1811 bianimus
1139 1756 1218 1805 cosa.
1240 1757 1267 1800 v.
1282 1735 1366 1803 ida

170 1841 299 1889 nummo
321 1824 504 1905 publicorum
524 1822 707 1899 salientium,
730 1824 781 1903 qui
804 1825 832 1887 in
856 1824 929 1885 urbe
950 1832 1054 1901 essem
1073 1825 1211 1907 intraque
1232 1822 1376 1893 aedilicia.

171 1913 241 1979 urbi
263 1911 436 1988 coniuncta,
470 1928 546 1991 quus
576 1910 615 1972 li.
639 1911 772 1991 Agrippa
793 1909 931 1988 iaceret,
959 1907 1027 1992 022)
1052 1933 1077 1973 a.
1100 1934 1123 1975 a.
1147 1934 1174 1974 a.
1197 1933 1223 1973 a.
1246 1934 1273 1975 a
1294 1934 1313 1975 1.
1338 1933 1365 1975 c.

171 1997 278 2079 Neque
299 1999 403 2078 augeri
424 1996 543 2079 placere
568 2015 666 2078 neque
688 1996 778 2059 minui
800 2014 951 2059 numerum
974 1996 1157 2078 publicorum
1186 1997 1366 2078 salientium,

173 2103 251 2167 quos
273 2100 351 2146 nunc
373 2101 443 2146 esse
465 2082 597 2146 retulere
619 2084 638 2144 ii
660 2083 767 2165 quibus
790 2084 940 2165 negotium
962 2102 979 2144 a
1000 2090 1105 2147 senatu
1128 2092 1176 2148 est
1189 2087 1365 2166 imperatum

172 2179 207 2235 ut
228 2171 409 2252 inspicerent
432 2180 523 2252 aquas
546 2169 695 2251 publicas,
722 2168 890 2251 inirentque
920 2188 1075 2233 numerum
1098 2171 1264 2235 salientium
1286 2171 1366 2251 pub-

172 2258 315 2332 licorum3
337 2257 466 2338 itemque
488 2256 608 2339 placare
630 2263 784 2319 curatores
806 2272 956 2338 aquarum,
979 2270 1056 2337 quos
1079 2257 1191 2321 Caesar
1212 2255 1367 2341 dngtutus
1471 2254 1475 2257 ’

174 2364 216 2408 ex
237 2350 358 2408 senatus
381 2344 557 2407 auctoritate
579 2344 754 2420 nominavit,
781 2342 854 2405 dure
876 2358 997 2425 operam
1027 2350 1059 2411 at
1087 2343 1227 2408 salientes
1256 2340 1366 2424 publici

175 2448 263 2517 quarn
286 2428 491 2493 adsiduissime
513 2430 641 2493 interdiu
664 2436 694 2491 et
715 2437 804 2492 noctu
826 2446 931 2511 aquam
953 2430 983 2491 in
1012 2446 1097 2495 usum
1127 2431 1228 2515 populi
1253 2428 1366 2494 lunde-

173 2524 249 2621 rent.
274 2513 417 2603 (raonem,
437 2514 520 2597 ibid,
542 2533 605 2600 cap.
631 2514 731 2601 104)
951 2532 956 2539 .
1035 2528 1039 2539 .

742 2616 778 2683 m

279 2684 365 2785 Ouod
388 2709 423 2785 Q.
446 2708 551 2771 Aelius
582 2707 712 2785 Tubero,
741 2669 856 2773 Paullus
884 2706 993 2771 Fabius
1014 2686 1160 2775 Maximus
1190 2724 1269 2773 coss.
1292 2728 1319 2770 v.
1342 2704 1366 2771 i.
1485 2694 1489 2704 ’

195 2795 319 2863 uusdam
341 2797 472 2880 privatos
495 2814 534 2857 cx
556 2795 628 2858 rivis
651 2793 774 2875 publicIs
803 2813 906 2873 aquam
930 2794 1057 2877 ducere,
1088 2815 1117 2877 q.
1140 2794 1169 2856 d.
1193 2813 1220 2856 e.
1242 2813 1268 2858 r.
1290 2793 1312 2858 i.
1335 2811 1367 2875 p.

174 2818 205 2951 3.
227 2905 256 2948 e.
279 2903 303 2948 r.
326 2880 345 2946 i.
367 2903 393 2944 c.
423 2881 468 2944 Nc
490 2883 537 2944 cui
558 2883 675 2963 privato
698 2899 803 2962 aquam
825 2880 939 2945 ducere
961 2901 1001 2945 ex
1017 2882 1087 2946 rivis
1102 2880 1225 2963 publicis
1248 2882 1366 2961 liceret,

173 2972 275 3092 utique
298 2987 400 3035 omnes
422 2968 442 3031 ii
464 2968 569 3050 quibus
591 2985 686 3049 aquae
708 2964 860 3035 ducendae
884 2969 929 3029 ius
952 2974 1033 3031 esset
1055 2967 1170 3047 datum,
1193 2986 1233 3041 ca
1254 2966 1367 3033 castet-

174 3054 210 3125 lia
233 3052 253 3141 )
276 3055 436 3133 ducerent,·
459 3050 784 3134 animadverterentque
808 3060 962 3116 curatores
985 3072 1142 3135 aquarum,
1164 3052 1269 3135 quibus
1290 3053 1366 3119 locis

173 3146 259 3223 intra,
275 3149 360 3205 extra
382 3142 485 3213 urbem
515 3147 583 3220 apte
613 3138 732 3213 castella
762 3140 865 3221 priuati
892 3140 992 3203 lacere
1020 3147 1162 3225 possent,
1190 3160 1230 3203 ex
1259 3140 1367 3225 quibus

174 3249 281 3313 aquarn
303 3228 464 3308 ducerent,
495 3246 582 3311 quam
604 3247 643 3289 eu
666 3222 788 3290 castello
810 3226 995 3290 communem
1024 3227 1212 3308 accepissent
1233 3246 1250 3289 a
1273 3245 1366 3291 cura·

174 3312 290 3383 toribus
312 3333 452 3397 aquarum
459 3336 469 3391 ;
498 3315 548 3377 nei
577 3313 626 3379 cui
655 3332 759 3376 corum
776 3314 895 3395 ‚quibus
917 3332 994 3399 aqua
1016 3314 1136 3377 daretur
1157 3310 1291 3395 publica,
1319 3313 1366 3397 inq

173 3411 258 3471 esset
279 3404 354 3465 intra
377 3401 589 3483 quinquaginta
617 3400 710 3480 pedes
734 3399 797 3463 eius
821 3400 948 3479 castelli,
976 3420 1017 3465 ex
1042 3419 1103 3482 quo
1133 3419 1241 3481 aquam
1261 3396 1363 3463 duce-

173 3498 253 3571 rent,
273 3484 416 3659 lqrqiqr'eru
437 3487 561 3553 listulam
583 3487 733 3552 subiicere
755 3505 844 3568 quam
874 3488 1044 3569 quinariam.
1097 3482 1246 3571 (Faunum,
1274 3484 1366 3571 tuit,

173 3576 279 3661 ΜΝ
328 3623 335 3637 ’
748 3658 786 3721 ιν
1239 3606 1246 3613 “

60 3804 65 3809 .
280 3746 367 3823 Quod
397 3748 432 3823 Ο.
455 3746 557 3811 Aetius
586 3747 715 3826 Tubero,
746 3745 863 3810 laudus
890 3747 997 3811 Fabius
1018 3744 1160 3811 ldauimar
1190 3763 1269 3810 coss.
1292 3765 1320 3811 r.
1342 3743 1366 3810 i.

173 3836 314 3902 emerui
335 3840 476 3918 oportere
498 3852 560 3917 quo
580 3836 646 3901 iure
668 3835 744 3897 intra
765 3837 911 3914 exbaqrm
932 3833 1035 3899 urbem
1064 3833 1210 3899 tuemeut
1231 3831 1366 3915 aquarii

280 4076 309 4146 l]
333 4076 414 4133 codd.
436 4077 612 4200 torquerer,
640 4096 715 4149 quatu
739 4074 876 4133 lectionem
899 4074 1006 4129 Polcnua
1029 4077 1122 4130 retinet
1145 4074 1178 4129 ita
1202 4072 1367 4145 explicandae

173 4150 286 4219 itemquo
303 4151 464 4201 coustitutum
492 4149 542 4214 uit,
565 4157 592 4200 ut
609 4144 743 4203 Curatores
762 4163 883 4217 aquarum
904 4154 997 4198 uacent
1017 4145 1116 4199 iudiciis
1139 4162 1169 4199 ea
1187 4153 1275 4214 quarta
1293 4153 1366 4213 parte¹

174 4220 235 4273 anui
253 4235 310 4271 cunr
328 4216 357 4283 [i.
375 4235 398 4271 e.
417 4216 531 4286 quando)
549 4216 685 4270 Curatores
703 4218 800 4278 riarum
824 4217 992 4286 frumentique
1010 4214 1112 4283 publico
1130 4213 1298 4284 iungebantur
1316 4217 1367 4268 nri·

173 4290 287 4342 ubturiu.
314 4285 455 4343 Britanniae
480 4295 558 4338 rutam
581 4285 652 4339 baur>
667 4287 869 4339 mundationem
894 4284 1144 4337 areerturcousulto
1164 4293 1267 4351 reparat
1289 4291 1367 4353 atque

150 4366 154 4374 ’
173 4358 354 4411 Fruutiuiunre
372 4357 493 4409 orationis
511 4356 591 4409 textui
604 4354 722 4413 attribuit.
740 4354 885 4407 Dederichii
897 4353 962 4406 Edit
972 4355 1117 4420 scopentur.
1137 4378 1167 4387 -
1186 4352 1215 4417 2]
1234 4351 1367 4405 iurdunrio

173 4424 329 4481 inserendae
344 4427 385 4478 bic
403 4425 521 4478 rideatur
546 4423 579 4475 ad
596 4424 738 4492 exerupluru
757 4424 911 4492 reliquorum
927 4431 1029 4475 renatus
1047 4427 1217 4475 concuborum
1238 4428 1313 4473 uotae
1332 4418 1366 4473 D.

172 4494 205 4549 E.
222 4492 260 4577 ib·
272 4492 367 4617 (qqheq
385 4490 436 4561 ra).
453 4520 488 4535 -·
506 4489 535 4559 3]
554 4492 617 4548 eor.
636 4492 741 4552 votem
758 4492 868 4548 curtdlr'r
881 4491 988 4562 publicis
1000 4492 1132 4567 duamur
1144 4507 1220 4563 quam
1231 4490 1366 4547 bobonum

173 4573 272 4631 recepe
340 4573 398 4617 uta.

219 4649 282 4704 aaut,
293 4649 386 4704 uacum
397 4648 486 4696 tamna
1166 4645 1211 4715 20

401 4738 408 4769 l
