3106 5122
233 453 300 522 372
563 452 641 505 iascr.
656 451 790 521 protunc.
824 448 887 521 Cup.
904 449 935 505 lt
953 414 955 421 >
970 449 1090 505 lmine.

231 630 306 691 rem,
327 607 464 694 signu
484 610 577 691 ‘patris
591 610 714 691 patriae,
735 610 839 693 pontii.
860 610 1014 687 mansoni,
1036 586 1166 672 custodis
1180 602 1289 687 imperi
1299 603 1424 681 ronan,

231 700 385 780 totiusque
408 697 490 760 orbis
513 704 658 760 terrarum
681 697 837 779 praesidis,
859 697 966 776 ilium,
988 696 1055 758 lliui
1076 699 1232 776 nepotem,
1253 699 1323 773 post
1344 709 1424 754 con-

232 787 358 850 sulatum
380 802 469 865 quern
492 783 569 847 ultra
589 783 655 847 bnis
678 791 827 848 exuemus
848 783 951 866 populi
972 783 1086 847 romani
1108 779 1217 844 belluno
1238 794 1351 862 gerens
1372 777 1424 840 ie·
1539 860 1540 865 ἵ

232 873 327 936 liciter
348 878 524 954 peregerat,
547 871 625 934 bcne
645 877 731 953 gestu
754 889 788 933 re
811 871 946 952 publica,
969 869 1113 932 devicteis
1135 874 1187 931 aut
1207 867 1239 929 in
1259 863 1348 927 fidem
1369 882 1425 927 re-

234 960 329 1042 ceptis
350 957 581 1022 bellicosissimis
603 974 638 1019 ac
665 959 814 1021 mansinile
835 959 991 1039 gentibus,
1020 957 1135 1037 ipsum,
1165 953 1340 1017 volneribus
1367 970 1425 1033 pro

232 1046 403 1127 republica
425 1045 570 1125 exceptis,
592 1061 632 1107 ex
653 1062 692 1109 eo
714 1061 786 1107 casu
808 1043 979 1108 crudelibus
1001 1043 1067 1106 latis
1090 1048 1225 1125 ereptum
1241 1038 1352 1122 populo
1366 1056 1424 1102 ro·

198 1168 201 1173 ,
233 1150 331 1212 muno,
352 1132 409 1195 ianr
432 1129 619 1213 designatum
640 1132 842 1195 iustissnmunr
864 1149 900 1194 ac
921 1130 1107 1195 simillumuru
1128 1129 1260 1210 parentis
1282 1127 1329 1190 sui
1358 1126 1424 1189 rir-

233 1220 345 1283 tutibus
366 1218 538 1300 principum,
560 1217 754 1299 coloniaeque
776 1225 897 1282 nostrae
919 1219 1037 1282 nubum
1052 1214 1240 1297 praesidium,
1263 1228 1359 1294 eaque
1374 1230 1425 1276 res

233 1305 362 1371 nondum
385 1306 483 1387 quicto
504 1305 586 1368 luctu
607 1321 696 1385 quern
718 1323 759 1366 ex
780 1303 910 1369 decessu
921 1305 953 1367 L.
970 1304 1116 1382 Gesseris,
1137 1300 1238 1367 uatus
1254 1300 1330 1380 eins,
1345 1317 1425 1363 oon-

235 1392 307 1458 sutis
329 1392 485 1475 designati,
507 1392 638 1474 auguris,
660 1393 776 1472 patroni
791 1386 819 1475 Ι)
841 1394 952 1469 nostri,
975 1389 1114 1472 principis
1135 1389 1313 1465 iuuentutis,
1336 1387 1425 1451 colo·

233 1481 284 1543 nia
306 1482 443 1543 uniuersa
464 1486 652 1559 susceperat,
675 1485 853 1543 renovasset
866 1476 1148 1560 multiplicassetque
1163 1492 1335 1540 moerorem
1356 1492 1426 1538 cnr-

234 1568 314 1630 nium
336 1565 520 1648 angulorum
542 1565 828 1646 uniuersorumque,
858 1567 897 1629 ob
927 1582 979 1628 eas
1009 1582 1060 1628 res
1080 1563 1213 1627 universi
1243 1561 1424 1625 decuriones
1539 1632 1540 1641 ἵ

234 1653 412 1735 colonique,
435 1650 555 1733 quaudo
576 1670 617 1716 eo
637 1671 709 1715 cusu
731 1653 760 1716 in
785 1651 901 1717 colonia
931 1669 1030 1732 neque
1051 1651 1128 1714 livir
1154 1666 1255 1730 neque
1283 1646 1427 1731 praelecti

235 1746 337 1819 mant,
365 1758 465 1820 neque
487 1741 640 1820 quisquam
661 1740 728 1801 iure
750 1738 878 1803 dicundo
899 1745 1034 1821 preerat,
1063 1739 1141 1801 iuter
1161 1754 1232 1800 sese
1254 1752 1425 1802 consense-

234 1833 313 1905 runt,
333 1842 389 1908 pro
411 1823 609 1908 magnitudine
629 1834 728 1889 natae
748 1844 787 1889 ac
808 1833 867 1889 tarn
888 1826 1057 1909 inprovisus
1079 1824 1260 1903 calamitutis,
1282 1829 1424 1905 oportere

235 1933 276 1977 ex
297 1931 334 1975 ea
355 1911 404 1975 die
426 1913 569 1993 quastus
591 1911 735 1979 decessus
756 1914 904 1976 nuntiatus
926 1919 1024 1989 essct,
1055 1909 1210 1992 usquead
1239 1928 1305 1974 eam
1335 1910 1424 1987 diem,

235 2014 294 2081 quu
315 2017 385 2064 ossa
405 1998 499 2062 reluta
520 2007 610 2081 atquc
630 2000 758 2079 condita,
779 2002 915 2080 lusuque
937 2001 1002 2063 eius
1014 2000 1146 2063 menibus
1161 1996 1298 2080 perlecta
1312 2003 1425 2071 essent,

235 2091 379 2166 cunctos,
400 2092 486 2149 reste
510 2093 636 2165 mutan,
664 2087 839 2168 templisque
861 2088 985 2150 deorum
1013 2084 1219 2149 immortalium
1248 2084 1425 2164 balneisque
1539 2142 1540 2145 ,

235 2172 360 2255 publicis
382 2179 413 2235 et
434 2173 563 2237 tabernis
586 2175 721 2237 omnibus
742 2174 860 2252 clausis,
882 2172 1067 2237 convictibus
1087 2189 1158 2236 sese
1175 2176 1335 2253 apstinere,
1357 2188 1425 2234 uru-

235 2266 339 2323 trouus
362 2277 438 2340 quoe
460 2260 490 2322 in
512 2260 630 2324 colonia
652 2267 754 2325 nostra
775 2269 860 2339 sunt,
889 2261 1069 2342 sublegere,
1090 2258 1228 2340 diemque
1248 2276 1334 2335 eum,
1363 2276 1426 2340 que

237 2344 287 2409 die
308 2345 339 2409 G.
363 2346 475 2410 Caeso
497 2347 567 2427 obit,
590 2351 640 2429 qui
662 2346 728 2411 dies
750 2354 797 2411 est
817 2348 853 2410 Α.
871 2347 907 2409 D.
930 2345 1050 2410 vuli-ti.
1073 2344 1204 2425 lintias,
1225 2363 1281 2427 pro
1303 2344 1427 2409 Alliensi

235 2433 392 2517 lugubrem
413 2437 575 2497 memoriae
596 2432 692 2515 prodi,
714 2434 870 2515 unumque
890 2436 920 2497 in
941 2435 1120 2516 praesentia,
1141 2434 1270 2497 omniumr
1286 2435 1373 2496 iussu
1390 2450 1428 2495 ac

237 2519 406 2599 uoluntate,
429 2522 591 2602 caverique
611 2539 652 2584 ne
673 2519 753 2602 quod
774 2520 948 2584 sacrificium
969 2520 1119 2602 publicum
1149 2538 1226 2583 neve
1248 2536 1326 2602 qaae
1349 2537 1427 2602 snp-

236 2606 421 2689 plicationes,
442 2608 511 2671 nire
533 2609 681 2688 sponsalia
703 2608 772 2669 nive
794 2608 928 2671 convivia
950 2604 1077 2689 publica,
1099 2614 1204 2689 postca
1219 2607 1249 2669 in
1265 2625 1333 2669 curn
1347 2605 1427 2671 rbem

237 2712 315 2758 cove
337 2693 400 2773 die,
423 2696 473 2775 qui
494 2693 559 2757 dics
580 2695 638 2757 crit
658 2695 695 2757 Α.
718 2693 752 2756 ll.
775 2692 848 2759 Villi
867 2694 902 2757 li.
924 2693 1029 2775 liert,
1057 2694 1128 2758 bant
1149 2694 1355 2775 concipiantur
1375 2695 1428 2756 in-

237 2778 424 2930 dicanturue3
453 2781 523 2844 nive
545 2782 596 2864 qni
616 2780 677 2845 ludi
699 2782 828 2846 scaenici
857 2781 1058 2847 circienscsuo
1088 2799 1126 2845 eo
1157 2779 1205 2844 die
1234 2780 1307 2847 tiaut
1335 2798 1429 2862 spcc-

251 2877 395 2944 enturre;
697 2889 704 2905 ·

341 2955 450 3038 Utique
471 2974 510 3021 eo
533 2955 581 3020 die
603 2956 766 3039 quodunnis
788 2956 906 3040 publice
928 2956 1062 3021 manibus
1077 2956 1141 3021 eius
1156 2972 1212 3038 por
1226 2954 1429 3039 magistratus,
1539 2976 1540 3035 j

162 3036 166 3053 ²
239 3061 332 3107 eosve
354 3043 405 3125 qui
425 3042 500 3107 Pisis
521 3045 587 3107 iure
609 3043 736 3108 dicundo
758 3050 910 3126 preerunt,
932 3042 1040 3107 eodem
1062 3034 1130 3111 loci)
1145 3040 1312 3126 eodemque
1327 3040 1429 3120 modo,

239 3149 299 3213 quo
321 3129 354 3193 L.
378 3127 497 3194 Caesari
518 3133 666 3213 parentari
689 3132 850 3195 institutum
865 3138 920 3207 cst,
941 3138 1114 3213 perentetur
1121 3150 1131 3207 3
1153 3132 1255 3211 utique
1269 3148 1357 3194 arcus
1373 3146 1429 3192 ee-

237 3217 398 3281 leberrirno
421 3216 555 3281 coloniae
577 3226 698 3282 nostrae
719 3217 788 3283 loco
810 3220 1021 3296 constituatur,
1044 3224 1167 3283 ornatus
1188 3217 1300 3300 spoleis
1322 3215 1429 3281 devie
1539 3290 1540 3295 ἵ

238 3309 336 3367 turum
358 3310 409 3370 aot
429 3304 461 3366 iu
481 3290 578 3367 ¹fidem
606 3312 799 3386 recepturum
816 3305 853 3368 ab
876 3324 915 3369 co
936 3305 1086 3388 gentium3
1115 3323 1207 3387 super
1236 3323 1304 3369 curn
1332 3309 1429 3369 statua

237 3389 387 3472 pedestris
408 3390 501 3472 ipsius
523 3390 686 3472 triumphali
707 3400 821 3471 ornatu,
844 3390 985 3474 circaque
1007 3410 1073 3455 earn
1101 3390 1177 3457 duae
1200 3399 1357 3473 equestres
1379 3391 1429 3455 in-
1539 3444 1540 3449 ,

238 3484 362 3541 auratae
385 3476 438 3539 liei
460 3483 490 3539 et
511 3477 583 3540 Luci
606 3477 766 3542 Caesarum
789 3485 904 3543 statuae
925 3486 1089 3561 ponentur3

343 3563 466 3644 Utique,
496 3582 563 3626 corn
590 3565 715 3645 primum
738 3583 792 3646 per
813 3567 911 3649 legem
941 3567 1076 3649 coloniae
1097 3564 1238 3633 duoviros
1265 3583 1371 3630 creare
1399 3572 1430 3630 et

238 3649 350 3715 babere
371 3651 565 3731 potuerimus,
587 3652 607 3712 ii
629 3651 745 3716 duoviri
767 3654 816 3735 qul
838 3654 924 3734 prlrui
947 3655 1037 3718 creati
1059 3661 1163 3732 eruut,
1188 3653 1247 3718 boo
1269 3651 1349 3735 quod
1371 3651 1430 3716 de-

239 3736 412 3802 curionibus
435 3743 465 3800 et
486 3738 633 3802 universis
656 3738 770 3804 colonis
792 3738 916 3822 placuit,
939 3741 976 3805 ad
999 3740 1177 3805 decuriones
1199 3739 1349 3819 releruut,
1370 3758 1430 3805 eu-

238 3843 305 3889 rum
326 3823 444 3906 publica
466 3826 639 3889 nonantule
652 3825 788 3905 adhibita,
810 3828 949 3909 legitume
971 3828 1001 3891 id
1021 3834 1174 3905 suuntur,
1197 3828 1430 3909 auctoribusque

238 3910 276 3975 iis
298 3911 328 3974 in
351 3910 464 3974 tabulas
485 3911 617 3994 publicas
638 3912 805 3991 referatur3
834 3916 945 3978 interea
968 3916 1002 3978 Τ.
1023 3914 1193 3980 Statulenus
1219 3915 1342 3994 iuncus,
1372 3913 1430 3979 lla·

239 4014 310 4061 rnen
331 3998 503 4082 augustalis,
525 3999 627 4081 pontii.
648 4001 746 4066 rniuor
767 4001 951 4086 publicorum
972 4002 1002 4065 P.
1025 3998 1101 4085 R.²)
1124 4020 1276 4067 sanorum
1298 4018 1431 4087 rogere·
1539 4044 1540 4051 κ

164 4098 168 4102 “
239 4091 306 4164 tur,
334 4085 377 4148 uti
398 4104 465 4149 cum
485 4085 608 4169 legatis,
630 4094 772 4152 excusata
801 4088 951 4170 praesenti
981 4088 1117 4153 coloniae
1144 4090 1342 4171 necessitate,
1371 4088 1431 4154 boc

240 4169 372 4237 cilicium
401 4172 550 4254 publicoru
577 4181 608 4237 et
637 4174 818 4240 voluntatem
847 4176 1053 4240 universorum
1083 4175 1184 4240 libello
1212 4173 1330 4240 reddito
1357 4177 1429 4258 inp.

241 4257 361 4323 Caesmi
382 4258 537 4345 inmoto,
566 4263 642 4343 patri
667 4264 797 4346 patriae,
817 4260 919 4345 pontii.
941 4254 1105 4346 massiano,
1123 4263 1299 4328 tribuniciae
1320 4269 1450 4347 potest.-

240 4342 345 4428 xxvi,
365 4347 492 4425 iudicet3

346 4536 375 4606 1)
393 4539 468 4596 lieris
484 4540 568 4610 r‘a'o‘rr‘u
584 4542 631 4600 aed
648 4560 760 4601 marmor
781 4542 858 4602 (loric
880 4551 945 4601 nate
962 4544 1039 4613 plane
1055 4547 1189 4616 scriptam:
1212 4544 1320 4614 paboni
1345 4568 1379 4585 ··
1396 4539 1429 4610 ἵ)

147 4600 153 4607 ’
241 4609 330 4682 pupuli
344 4613 450 4668 rumam.
