3106 5122
237 398 304 471 316
573 398 652 455 run.
671 397 800 469 premas.
833 397 894 471 cap.
911 395 942 457 n
977 396 1096 455 ruera.

252 647 257 663 Ι
344 560 378 636 Q.
400 558 513 625 Licinio
536 554 700 638 Gmniueui
728 557 761 623 in
783 557 903 627 iiioieiu
923 556 1018 623 Nuteii
1039 554 1275 624 cns...=umee
1294 554 1325 622 in
1345 555 1431 628 buis

238 649 294 714 hm
317 646 439 800 cziecsriit.
463 732 521 798 edi.
545 733 583 797 11.
605 732 707 797 Vibius
728 729 852 810 Auctor,
873 730 909 797 A.
931 732 1085 798 Iustuleius
1106 731 1224 812 Bulbus,
1245 731 1284 799 li.
1307 731 1432 797 Tossius

239 821 412 901 Marcellus,
435 820 466 884 G.
489 821 624 883 Albinius
646 820 813 903 Ingenuus,
836 818 869 882 C.
891 820 981 884 iulius
1005 821 1149 884 Clemens.

344 906 430 983 Quod
451 907 488 972 A.
511 906 675 970 Lucernius
697 906 869 985 unctiones,
891 905 924 970 L.
941 906 1051 975 Tullius
1067 905 1187 971 Cerialis
1201 905 1226 970 ll
1239 907 1284 969 vir
1306 906 1341 970 V.
1357 906 1390 971 F.
1400 904 1431 991 ⁴)

112 1032 115 1041 »
241 997 279 1063 de
299 994 323 1060 11
345 998 410 1059 viro
433 995 619 1076 Quinqueun.
642 994 672 1059 iu
693 1011 778 1075 prox.
801 1011 907 1059 nnuum
930 993 994 1057 iicri
1009 994 1138 1077 placere,
1160 992 1432 1059 [1111111110-

240 1090 337 1148 torem
358 1083 446 1149 muita
468 1079 506 1144 ds
528 1081 562 1144 R.
585 1080 616 1143 P.
646 1087 825 1159 merentem,
855 1080 892 1143 ob
922 1086 980 1143 tum
1007 1081 1162 1162 egregium
1189 1081 1254 1145 eius
1283 1079 1433 1147 autemus

241 1169 348 1235 cotidie
370 1168 625 1251 excopinnttsqun
654 1165 810 1233 admodum
840 1166 895 1230 coi.
925 1166 962 1229 N.
973 1162 1005 1250 ²)
1035 1166 1175 1233 beneficis
1203 1169 1267 1231 suis
1288 1167 1429 1245 bonorem

242 1258 370 1320 omnium
392 1255 620 1338 suffragantibus
650 1255 738 1318 votis.
771 1289 814 1301 -
844 1258 942 1315 stuie
972 1274 1120 1317 marmores
1150 1259 1184 1317 no
1208 1265 1324 1333 musque
1345 1260 1434 1317 istm

242 1350 345 1419 inacte,
374 1347 409 1405 itu
433 1352 461 1403 ut
483 1347 593 1420 primes·
608 1344 747 1411 columpne
768 1344 872 1403 nonnisi
895 1346 1000 1402 lucerne
1023 1345 1150 1418 reiiuuiee
1171 1345 1321 1420 supersint,
1352 1345 1434 1405 tertie

242 1435 363 1493 columns
384 1434 465 1508 piune
488 1432 628 1490 interierit.
654 1430 769 1507 Repente
790 1437 832 1489 eet
855 1433 977 1505 proxime
999 1432 1184 1506 prsetertcpro
1204 1431 1297 1489 seculo
1315 1439 1433 1491 exeunte

241 1521 268 1579 in
291 1538 358 1594 egro
380 1520 553 1592 Frepeiieusi,
576 1519 648 1576 editu
671 1536 687 1577 e
709 1518 799 1589 Capru
822 1510 917 1597 (snite
935 1519 999 1577 citti
1018 1518 1183 1591 didregetti
1218 1518 1322 1592 Nepoti.
1340 1518 1433 1577 trun.

240 1627 268 1683 p.
291 1598 359 1687 84.)
382 1613 411 1664 et
431 1606 541 1664 Pietiiiio
564 1598 653 1685 (Citis
668 1607 708 1663 sni
730 1603 800 1661 demi
822 1604 875 1663 Liri
896 1623 913 1662 e
934 1606 1058 1663 Fibreno.
1080 1605 1174 1680 Nepoti
1199 1604 1291 1663 1798.
1314 1623 1342 1680 p.
1361 1598 1433 1684 16.)

242 1694 414 1752 Mommsenio
437 1684 577 1772 [Buitetim
600 1694 671 1753 ench.
697 1691 788 1750 1846.
812 1711 838 1766 p.
861 1684 940 1770 42);
969 1698 1122 1753 asservetur
1150 1693 1261 1768 Neepcii
1290 1692 1318 1751 iu
1338 1693 1433 1751 Hense

240 1779 403 1840 Borbonioo.
446 1780 488 1838 Ex
510 1780 672 1839 Hommcenii
694 1779 846 1837 coniectum
868 1779 997 1837 credibile
1026 1786 1082 1851 ert,
1111 1780 1194 1853 prime
1216 1780 1338 1841 cuiemer
1360 1797 1432 1838 ccu-

241 1868 321 1926 tineri
343 1868 478 1925 donnum
500 1866 660 1941 primarium,
683 1883 737 1940 quo
759 1866 792 1922 id.
817 1865 895 1923 Vibio
919 1866 1032 1924 ductori
1058 1867 1145 1926 tubuie
1160 1873 1323 1941 ,potromtur
1345 1868 1431 1925 nuer-

242 1963 286 2012 tur
308 1956 343 2012 ob
364 1955 459 2012 merite
481 1954 585 2011 duobus
607 1952 734 2010 subnexis
756 1952 871 2010 decretu
893 1961 1110 2025 commemoratu,
1131 1970 1243 2027 quorum
1265 1954 1358 2027 priore
1378 1954 1433 2011 ed-

242 2042 296 2101 lruc
315 2042 424 2114 integro
446 2041 479 2097 id.
502 2040 594 2098 Vibius
615 2041 719 2099 Auctor
748 2040 875 2097 Duumvir
904 2039 1093 2114 Quiquenmdie
1115 2040 1141 2097 in
1164 2040 1331 2115 proximum
1353 2058 1432 2099 unuur

243 2135 369 2201 creetur3
390 2126 560 2204 posteriore,
583 2126 656 2202 quod
677 2125 822 2201 intercidit,
845 2132 948 2184 stetuee
971 2128 1101 2187 honorem
1125 2128 1236 2203 sdeptus
1259 2134 1307 2185 est.

616 2329 794 2386 Decretum
811 2331 1059 2401 Tergestiuum.

353 2493 445 2554 1753.
488 2494 648 2571 Insculptum
670 2495 777 2571 tepiden
800 2495 870 2553 eodo
893 2494 957 2552 setis
979 2493 1094 2568 migro,
1124 2492 1186 2552 olim
1208 2491 1345 2553 moenibus
1368 2494 1434 2553 Ter·

245 2581 369 2658 gestioue
391 2581 505 2641 eiritstis
529 2582 661 2655 immisso,
690 2599 760 2640 nunc
788 2583 814 2639 in
845 2581 1010 2641 coemeterio
1033 2579 1164 2641 ecciesiae
1186 2580 1363 2652 enuntietis,
1391 2581 1435 2639 sbi

243 2676 441 2730 mouumentum
470 2669 635 2744 conspicitur
662 2669 879 2727 Winckelmenni
903 2676 1051 2727 asservato.
1094 2669 1153 2726 ruit
1173 2669 1259 2737 trees,
1280 2673 1311 2724 ut
1332 2686 1369 2727 ex
1390 2668 1434 2726 is-

244 2758 390 2832 scriptiuue
412 2754 632 2833 epperet‚·hmie
654 2764 758 2814 stetere
780 2754 929 2830 equestris,
951 2773 1029 2829 quum
1050 2756 1104 2813 irco
1125 2756 1185 2831 ipso
1207 2755 1319 2813 decretu
1342 2755 1435 2814 cirion

243 2845 326 2902 Fabio
355 2846 458 2902 Severo
488 2843 539 2901 civi
566 2860 633 2915 suo,
665 2843 784 2901 esnetori
813 2860 941 2915 romono,
970 2843 1007 2901 ob
1035 2843 1117 2899 riuum
1146 2842 1172 2899 iu
1201 2841 1312 2916 petrium
1342 2844 1436 2901 mirere

245 2931 338 2989 merite
359 2931 424 3006 puni
446 2931 529 2989 iussit.
561 2930 663 2988 Nomou
686 2930 815 3001 ciuitatis,
838 2947 907 3004 queo
929 2931 967 2987 itu
989 2930 1126 3001 decrevit,
1148 2945 1275 3002 nusqmm
1297 2929 1435 3004 inscriptio
1485 2974 1489 2977 -

245 3018 379 3089 eontinet3
408 3018 458 3077 sed
486 3018 671 3091 Tergestinus
698 3034 775 3089 esse,
803 3034 857 3075 non
879 3017 1014 3090 estquod
1037 3017 1203 3086 dubitemus3
1233 3023 1315 3090 etque
1337 3017 1435 3075 tems-

244 3122 305 3163 esse
326 3105 462 3163 decretum
484 3105 647 3185 imperatore
669 3106 702 3163 11.
717 3104 852 3162 Antonino
872 3104 918 3162 Pio
931 3111 1038 3162 mortuo
1062 3097 1136 3181 (non
1155 3103 1240 3177 igitur
1258 3109 1321 3162 oute
1339 3120 1436 3163 een·

247 3193 305 3250 tut
327 3210 353 3267 p.
377 3185 444 3271 cir.)
473 3192 506 3249 ii.
536 3193 670 3249 Antonino
698 3191 858 3271 philosophi
882 3192 1028 3264 imperante
1057 3191 1147 3247 minin
1175 3190 1232 3264 ipse
1262 3191 1435 3249 demonstret

243 3280 313 3337 Binis
335 3277 473 3352 inscriptio
496 3278 624 3336 columnis
647 3279 812 3347 continetur,
834 3278 902 3350 quae
925 3296 978 3348 res,
1000 3284 1126 3335 mouente
1148 3276 1315 3350 (iitttiingio,
1338 3285 1434 3337 ostem

245 3366 293 3437 dit,
314 3365 425 3440 primum
448 3366 500 3422 hoc
523 3382 584 3425 esse
615 3372 644 3423 et
666 3362 837 3438 originarium
860 3381 913 3422 nou
936 3381 971 3422 ex
993 3366 1046 3422 etio
1069 3364 1254 3439 transcriptum
1277 3366 1435 3439 exemplu

244 3452 304 3510 Hoc
327 3467 434 3524 quoque
464 3453 609 3510 uoteudum
631 3458 681 3523 est,
704 3452 803 3527 primos
826 3468 875 3509 sex
897 3468 990 3509 versus
1011 3450 1108 3526 prioris
1130 3451 1269 3510 columneo
1291 3452 1435 3525 missii!

243 3537 329 3597 litoris
348 3538 495 3612 insculptos
516 3555 594 3609 esee,
623 3539 658 3596 ite
680 3545 710 3596 ut
734 3540 802 3596 iruee
823 3538 879 3612 ipse
903 3539 1025 3597 columns
1056 3545 1156 3597 tentum
1183 3538 1292 3612 triginta
1322 3545 1436 3614 septem

245 3626 329 3684 nitere
351 3624 462 3697 triginta
484 3632 548 3682 octo
570 3642 662 3683 versus
685 3626 792 3684 hubent.

348 3712 448 3768 Primus
478 3712 563 3771 edidit
590 3713 709 3787 Apiunus
737 3732 763 3789 p.
793 3712 867 3784 355,
894 3719 949 3773 tum
979 3711 1111 3771 Febricius
1133 3712 1246 3771 donum.
1267 3712 1314 3772 Ν.
1337 3733 1364 3789 p.
1386 3713 1436 3772 36.

244 3797 343 3874 Apisui
364 3799 515 3873 exempinm
538 3800 677 3875 exprimit,
701 3816 753 3858 nno
775 3801 898 3859 elterove
921 3807 1021 3859 mntem
1043 3801 1106 3859 ioco
1128 3802 1162 3858 eb
1185 3801 1282 3859 eodem
1303 3802 1435 3861 recedens

245 3887 374 3944 Gruterus
395 3903 422 3960 p.
444 3886 517 3943 408.
539 3887 588 3943 sed
610 3888 646 3945 its
667 3894 697 3944 ut
718 3904 769 3945 nec
790 3888 848 3962 ipse
869 3887 905 3945 de
926 3887 1017 3963 tepide
1040 3888 1236 3963 tremor-ipsisne
1254 3905 1306 3947 uec
1325 3896 1436 3964 praeter

244 3973 377 4048 Apiunum
400 3980 429 4031 et
450 3973 614 4047 Minimum,
636 3975 715 4032 elium
738 3974 827 4033 denno
849 3976 1069 4033 transcrireutem
1091 3980 1227 4034 sectorem
1249 3982 1356 4033 secutus
1375 3994 1435 4035 cese

246 4067 386 4135 appetent.
431 4059 571 4118 Gruterum
601 4062 686 4120 secuti
707 4069 768 4120 runt
789 4063 885 4120 lreuen
908 4061 978 4118 delle
1001 4062 1088 4121 Groce
1110 4062 1206 4122 lstoriu
1230 4063 1299 4120 dctis
1322 4064 1385 4120 cittd
1406 4064 1435 4121 di

244 4148 355 4206 Trieste.
379 4147 495 4206 Venetis
520 4147 629 4205 16981.
651 4168 677 4224 p.
704 4148 763 4206 145
787 4156 815 4206 et
836 4149 1000 4206 Teressoeus
1023 4167 1081 4208 uro.
1099 4150 1153 4208 LX.
1172 4168 1200 4225 p.
1224 4149 1276 4206 51.
1298 4149 1435 4209 Emende-

245 4234 295 4293 tius
318 4241 346 4293 et
367 4251 426 4292 eum
447 4234 508 4310 ipso
537 4242 710 4295 monumento
738 4236 861 4296 cetimum
891 4236 979 4294 denuo
1002 4236 1087 4295 edidit
1107 4236 1245 4296 decretum
1266 4237 1327 4296 um
1350 4237 1434 4299 Gin-

471 4406 555 4417 ..n—.-

349 4491 379 4563 1)
396 4494 475 4548 verbe
491 4493 614 4549 iecerunt.
633 4521 664 4531 -
677 4492 707 4562 2)
724 4495 849 4549 coloniam
866 4502 990 4564 uosmem3
1013 4504 1071 4552 um
1089 4496 1123 4551 ed
1137 4494 1235 4551 wem
1251 4495 1354 4551 videtur
1371 4510 1434 4563 qes-

247 4565 391 4621 mutundum
407 4567 435 4620 in
451 4581 520 4636 quen
537 4574 564 4618 et
581 4565 729 4635 tegendumc
747 4565 954 4635 pomdmodmm
