3106 5122
430 448 454 516 ς.
471 448 496 507 l.
532 442 725 521 inparatornm'
735 446 822 506 Edicta
840 458 867 506 et
880 446 1021 521 Rescripta.
1260 432 1325 515 dld

122 594 180 677 tris
201 596 295 692 statu,
317 576 397 674 etin
425 610 539 692 proruto
562 610 718 675 altissimae
741 592 847 693 quietis
867 610 996 689 locato,
1013 607 1103 672 etiarn·
1121 606 1205 690 pacis
1223 604 1323 683 bonu,

99 696 258 787 'propter
287 716 373 779 qrram
397 696 508 761 sudore
538 696 623 781 largo
645 697 807 762 laboratum
831 696 1031 778 est‚·dispoui
1051 694 1203 772 ddeleter,
1225 694 1323 773 adque

5 788 6 791 ’
123 786 235 851 ornari
257 782 416 864 decenter,
439 785 591 847 honestum
611 784 760 869 publicum
784 792 814 848 et
835 800 956 847 romana
979 782 1104 867 dignitas
1124 782 1324 860 maiestasque

124 871 319 948 desiderare
341 880 374 934 ut
392 888 457 951 nos,
481 872 529 952 qui
549 872 680 953 benigno
701 870 803 935 lavore
819 872 968 934 numinum
985 876 1153 932 aestuantes
1174 867 1212 928 de
1232 882 1324 949 prae·-

122 960 221 1022 terito
243 958 363 1042 rapinas
382 959 511 1041 gentium
535 958 734 1039 barbararum,
757 960 884 1040 ipsarum
900 958 1048 1020 nationum
1064 946 1151 1017 ‘clade
1165 970 1323 1036 compres-

110 1042 244 1127 simus,
266 1047 295 1107 in
318 1051 469 1107 aeternum
493 1043 638 1107 fundatam
662 1046 789 1125 quietem
809 1043 990 1146 populorum
1010 1049 1184 1105 nourorum
1202 1042 1324 1122 aeepla-

124 1150 208 1195 rnus.
252 1131 366 1194 Etenim
390 1133 416 1193 si
439 1148 492 1193 cos
522 1132 628 1212 quibus
660 1131 739 1195 nullo
763 1132 817 1194 sibi
840 1131 898 1195 tine
919 1130 1072 1212 propo'slto
1094 1127 1181 1191 ardet
1200 1128 1324 1191 arentia

125 1216 326 1297 desaeviens,
350 1232 406 1299 qua
429 1219 494 1279 siue
517 1223 656 1300 respectu
679 1218 800 1303 generis
820 1217 946 1292 humani,
975 1232 1033 1279 non
1059 1215 1142 1277 annis
1165 1214 1256 1281 modo
1273 1213 1323 1276 vel

125 1302 285 1368 mensibus
316 1311 366 1367 eut
388 1303 502 1381 diebus,
524 1313 571 1366 sct
592 1318 688 1384 paene
712 1304 792 1368 horis
815 1306 946 1387 ipsisque
965 1302 1140 1379 momentis,
1166 1301 1202 1363 ud
1224 1300 1326 1364 inere·
1403 1342 1406 1349 ·

123 1398 231 1455 ruente
253 1391 299 1454 sui
321 1397 352 1454 et
372 1397 531 1475 augmenta
554 1389 710 1469 festinant,
739 1392 836 1474 aliqua
859 1391 1056 1454 continentiae
1078 1389 1154 1451 rotie
1177 1386 1325 1450 trenaee

125 1479 179 1541 vel
203 1479 229 1541 si
256 1477 396 1545 fortunae
426 1495 597 1541 communes
627 1496 723 1560 aequo
746 1480 842 1541 animo
864 1478 963 1560 pepeti
986 1481 1109 1558 possent
1131 1474 1206 1536 haue
1228 1474 1324 1536 deba-

126 1564 236 1628 chandi
266 1562 518 1646 licentiamque
547 1564 675 1645 pessime
705 1565 735 1626 in
767 1564 831 1627 dies
858 1563 1003 1629 eiusmodi
1033 1569 1116 1625 sorte
1138 1560 1324 1623 lacerenturr

126 1649 342 1714 dissimulando
357 1649 384 1735 'J
413 1649 545 1714 tersitem
574 1650 672 1733 adque
700 1650 854 1735 reticendo
884 1649 1014 1733 religiosi
1043 1650 1073 1710 in
1096 1647 1170 1709 deos
1200 1646 1324 1709 videre-

126 1757 213 1815 mur,
237 1757 302 1801 curn
321 1736 523 1800 detestandam
538 1738 732 1800 inmanitatem
749 1736 1013 1816 condicionemque
1026 1733 1221 1799 miserandam
1239 1751 1325 1796 com-

126 1827 228 1887 munis
255 1827 418 1888 animorum
449 1826 587 1906 patientia
618 1830 805 1905 temperaret.
855 1823 932 1901 Sed,
962 1825 1030 1905 quia
1057 1839 1116 1884 una
1146 1827 1193 1884 est
1213 1819 1324 1901 cupide

125 1910 243 1974 luroris
266 1911 413 1987 indomiti,
436 1910 543 1973 nullum
563 1911 726 1975 communis
746 1910 973 1993 necessitudinis
995 1903 1149 1991 uenere)
1172 1906 1322 1982 dilectum

127 2007 160 2062 et
182 1999 336 2082 gliscentis
359 1999 498 2061 avaritiae
513 2014 548 2060 ac
562 1999 731 2079 rapacitatis
747 1997 907 2060 aestuantis
929 1992 1096 2072 ardoribus,
1119 1993 1200 2057 velut
1222 2010 1324 2074 quee-

127 2085 197 2147 dam
210 2084 315 2167 religio
328 2084 403 2167 apud
417 2084 558 2166 inprobos
569 2086 741 2169 aestimatur
750 2078 792 2167 ³),
814 2086 844 2147 in
863 2082 1028 2148 lacerandis
1042 2081 1168 2143 fortunis
1184 2083 1322 2156 uranium,

126 2173 310 2236 necessitate
331 2173 441 2253 potius,
464 2168 551 2251 quam
567 2171 717 2237 voluntate
740 2168 876 2246 destitul3
898 2170 995 2252 adque
1019 2169 1091 2230 nitra
1105 2168 1325 2230 coniverenon

125 2266 258 2342 possunt
286 2272 362 2341 qnos
385 2257 422 2319 ad
450 2274 571 2322 sensum
594 2260 775 2322 miserrimae
805 2256 987 2321 condicionis
1017 2256 1162 2337 egestatis
1189 2260 1323 2317 extrema

126 2344 301 2408 traxerunt:
324 2345 465 2408 convenit
484 2345 731 2427 prospicientibus
747 2344 843 2424 dolls,
866 2345 915 2426 qni
930 2350 1069 2427 parentes
1086 2356 1188 2405 sumus
1203 2343 1326 2423 penate

126 2430 260 2511 hunrani,
282 2432 419 2495 arbitram
442 2433 535 2494 rebus
558 2430 756 2494 intolerandis
778 2448 882 2494 crisma
905 2428 1065 2503 adientium
1095 2435 1126 2490 nt
1149 2428 1227 2507 qnod
1250 2446 1325 2509 spe-

126 2527 226 2582 ratum
250 2519 298 2581 diu
320 2518 484 2581 humanitas
507 2519 569 2599 ipsa
596 2526 750 2600 praestaro
779 2537 839 2581 nun
862 2518 972 2600 potuit,
1002 2514 1038 2578 ad
1069 2532 1225 2577 commune
1255 2532 1325 2577 om·
1372 2550 1374 2555 .

125 2606 209 2669 nium
233 2611 495 2687 temperamentum
512 2605 633 2668 remedii
652 2606 838 2685 provisiones
857 2610 984 2667 nostrae
994 2603 1183 2681 suppeditent
1189 2597 1231 2683 ⁴).
1254 2601 1323 2664 tse-

126 2692 176 2756 lus
200 2691 317 2771 quidem
341 2708 464 2767 causac,
487 2699 626 2774 quantum
649 2693 813 2755 conrmunis
835 2692 962 2754 omnium
992 2688 1173 2753 conscientia
1208 2700 1323 2770 recogi

126 2782 237 2855 noscit,
262 2786 291 2840 ct
311 2780 444 2860 ipsarum
465 2794 565 2841 rernm
589 2778 665 2842 tides
687 2778 800 2854 clamat,
823 2792 919 2859 paene
934 2792 1002 2841 sere
1018 2773 1231 2863 procurandus
1246 2790 1323 2837 eon-

126 2866 193 2930 silia
215 2866 358 2945 molinam,
381 2873 412 2928 et
430 2865 542 2927 remedi
560 2868 678 2927 inventa
702 2866 922 2939 eominlremus3
950 2871 980 2926 ut
1004 2863 1085 2943 quod
1107 2860 1324 2943 expectandmn

126 2952 184 3016 luit
206 2966 261 3034 per
283 2954 348 3015 iura
368 2960 500 3030 naturae,
523 2953 551 3013 in
568 2953 751 3034 gravissimis
768 2951 953 3031 deprehensa
962 2949 1075 3011 delictis
1090 2948 1210 3029 lpsase'
1218 2962 1324 3011 emen·

127 3040 216 3102 daret
236 3038 417 3102 humanitas:
444 3040 539 3123 *longe
561 3039 667 3101 melius
690 3038 893 3101 existimantes
916 3054 975 3099 non
1006 3034 1148 3097 terendae
1176 3035 1323 3118 direptio·

126 3127 174 3189 nis
198 3132 283 3188 notas
306 3145 323 3190 a
346 3125 548 3189 comnmuibus
572 3124 687 3188 iudiciis
711 3125 841 3206 ipsorum
864 3142 955 3187 sensu
979 3121 1075 3203 adque
1103 3121 1225 3183 arsitrio
1247 3140 1323 3204 sup·
1380 3144 1389 3151 ·

126 3212 254 3290 moveri,
275 3231 351 3292 quos
368 3213 487 3275 cottidie
503 3213 531 3274 in
546 3213 648 3292 peiora
659 3212 845 3292 praecipites,
861 3219 890 3273 et
902 3211 930 3273 in
942 3209 1059 3292 publico
1073 3207 1185 3270 nelarie
1197 3209 1322 3289 quadam
1427 3238 1432 3247 x

127 3300 293 3362 animorum
311 3301 454 3361 caecitate
470 3299 632 3381 vergentis,
648 3297 780 3360 inimicos
796 3299 928 3381 siugulis,
945 3305 974 3358 et
990 3295 1137 3357 universis
1149 3312 1222 3381 reos
1236 3302 1322 3359 atre·

127 3386 264 3448 cissimae
292 3385 504 3451 inhumanitatis
527 3386 626 3467 gravis
656 3402 738 3447 noxa
767 3384 907 3446 ediderat.
920 3380 950 3457 ἢ
993 3382 1039 3445 Ad
1068 3382 1200 3445 remedia
1229 3382 1322 3464 igitur

126 3473 237 3537 iamdiu
261 3490 358 3537 rerum
380 3473 558 3535 necessitate
582 3470 748 3535 desiderata
770 3472 1007 3554 prorumpimus:
1032 3475 1062 3530 et
1083 3470 1181 3533 securi
1204 3468 1321 3551 quidem

128 3558 337 3640 querellarum,
367 3578 405 3622 ne
424 3559 689 3641 autintempestiuo
707 3565 757 3621 aul
769 3558 919 3641 supcrtluo
940 3556 1072 3619 medelae
1085 3562 1206 3619 nostrae
1223 3560 1320 3619 inter-

127 3651 221 3708 ventu
239 3645 288 3707 vel
299 3644 377 3728 apud
387 3647 529 3728 inprobos
544 3644 640 3708 levior
655 3651 705 3707 aut
720 3645 805 3707 vilior
825 3646 1039 3722 aestimaretur,
1057 3645 1105 3725 qui
1117 3650 1161 3705 tot
1178 3658 1320 3711 annorum

127 3733 313 3795 reticentiam
336 3738 482 3809 nostram,
512 3733 750 3814 praeceptionem
773 3732 935 3795 modestiae
958 3733 1139 3807 sentientes,
1162 3732 1248 3812 sequi
1270 3737 1320 3794 ta-

128 3836 195 3881 men
216 3820 383 3885 noluerunt.
416 3819 490 3893 Quis
512 3818 589 3882 enlm
612 3818 687 3881 adeo
710 3820 827 3901 optensi
844 3820 985 3900 pectoris,
1008 3825 1039 3880 et
1060 3834 1077 3881 a
1099 3832 1191 3881 sensa
1214 3818 1320 3881 hema·

128 3906 227 3969 edatis
250 3907 380 3968 extorris
403 3913 465 3982 est,
488 3906 538 3986 qui
560 3907 701 3988 ignorare
724 3906 833 3987 possit,
858 3906 945 3969 immo
969 3924 1027 3971 nou
1049 3907 1187 3981 senserit,
1209 3907 1238 3968 in
1261 3923 1321 3967 re-

127 3992 241 4057 ualibus
263 3994 374 4073 relus,
396 4011 472 4075 quae
496 3993 543 4055 vel
565 3995 594 4056 in
618 3994 816 4056 mercimoniis
838 3999 983 4076 aguntur,
1006 3990 1053 4054 vel
1077 3991 1181 4055 diurna
1204 3993 1319 4056 urbium

235 4248 263 4318 1)
281 4250 341 4321 lap.
359 4248 533 4305 dissimulandi
550 4261 577 4305 et
594 4270 653 4308 mox
670 4256 806 4319 reticmdi„
826 4280 856 4288 -
877 4248 906 4319 2)
924 4250 970 4306 Ed.
988 4252 1075 4305 ladem
1091 4252 1175 4307 uelint.
1198 4250 1257 4325 ligo
1273 4252 1320 4307 de·

128 4320 180 4374 leri
197 4321 492 4388 supplementnmealint,
510 4325 647 4391 respiciens
656 4324 689 4377 nd
707 4324 864 4391 superiorem
884 4320 975 4392 lapidis
993 4322 1126 4376 lectionem
1145 4325 1204 4393 quin
1216 4340 1267 4375 una
1278 4334 1320 4381 eat.

129 4416 161 4425 -
181 4390 211 4455 3)
229 4389 265 4442 ltu
290 4390 341 4461 lap.
361 4392 394 4443 At
418 4394 443 4443 in
467 4392 507 4443 ed.
532 4393 638 4459 quedam
660 4394 776 4463 ralipioue
798 4396 866 4463 apert
887 4392 1008 4460 impendes
1029 4394 1151 4460 firmemur
1173 4397 1319 4446 amaneum

127 4456 185 4543 Ego
209 4460 360 4512 mutationes
377 4470 404 4513 et
427 4462 600 4529 supplementa
624 4466 704 4515 omisi.
730 4489 760 4498 -
785 4460 814 4528 t)
833 4463 895 4515 lleic
918 4462 1093 4530 supplementa
1118 4465 1319 4531 mutationesque

128 4529 226 4582 alreona
245 4544 294 4581 non
314 4531 407 4595 recepi.
426 4557 460 4566 -
478 4528 507 4596 5)
524 4528 561 4583 lta
581 4532 620 4584 ed.
648 4532 707 4584 llilri
725 4532 838 4601 placeret
854 4528 1006 4587 reddiderat.
1037 4530 1113 4585 Certe
1131 4532 1195 4600 lapis
1214 4540 1339 4591 straton„

128 4612 180 4651 nan
199 4596 318 4652 haletin
336 4599 411 4652 litura
427 4600 475 4652 ulai
495 4608 543 4673 ret.
1316 4596 1319 4605 '
