3106 5122
348 414 372 479 §.
389 413 415 467 8.
449 410 540 467 lidleta
557 392 721 482 es‘rasnrtpn
740 415 928 483 mammam
944 424 1113 467 maurum.
1260 410 1325 476 336

139 586 210 634 men
232 566 314 655 exi)
335 570 418 637 titulo
438 572 583 637 eanordm
604 571 735 651 rianio,
760 579 796 636 ut
814 572 917 655 sigism
939 571 1069 654 qumque
1090 568 1178 634 millia
1200 568 1326 651 mple-

138 674 206 720 rasr
226 675 323 722 unna
346 667 567 740 consequantur
596 660 653 722 sub
675 679 711 723 ea
733 659 894 737 divisione,
924 667 957 723 ut
986 659 1062 722 duae
1089 665 1189 740 partes
1217 659 1325 720 suariis

139 745 228 808 tertia
250 763 325 810 vero
346 744 391 809 bis
414 746 564 810 ordinibus
585 745 727 825 subiciat,
755 749 803 828 qai
826 748 952 809 suariarn
981 750 1211 828 recognoscunt,
1232 745 1272 807 ita
1293 751 1326 807 ut

137 832 228 894 iidem
258 830 380 896 ordines
406 834 486 896 iusta
516 835 759 898 consuetudinem
789 841 847 896 tam
876 833 1024 917 proprium
1054 831 1135 915 quod
1163 830 1326 914 appellatur

139 934 228 999 quaa
250 920 377 991 mironis
398 919 554 985 exsolvant
577 928 607 983 et
628 921 832 985 moderatione
861 919 988 983 adbibita
1016 919 1139 1002 perinde
1160 937 1178 981 a
1201 935 1327 999 posses-

138 1020 212 1069 sore
234 1007 397 1089 suscipiant
417 1014 507 1086 atque
529 1009 680 1089 suscipere
702 1014 771 1071 sunt
791 1007 869 1070 soliti
896 1008 1013 1087 antiquo
1042 1024 1127 1069 more
1154 1012 1326 1088 praeeunte,

137 1091 353 1157 interdicentes
382 1111 421 1156 ne
450 1095 572 1158 inermia
581 1091 612 1177 θ)
635 1094 683 1157 illa
714 1094 899 1175 indebitaque
928 1100 1132 1174 praestentur,
1162 1110 1238 1174 quae
1268 1099 1326 1155 tum

136 1181 275 1244 triburrm
297 1199 384 1262 quam
406 1182 521 1262 patroni
544 1179 652 1255 diversi
675 1189 706 1244 et
727 1182 808 1245 varia
831 1180 1088 1260 consequebantur
1114 1178 1220 1243 oli‘reia
1243 1179 1328 1242 Cou-

137 1272 185 1330 tra
208 1267 289 1349 quod
311 1267 495 1331 interdictam
518 1268 544 1330 si
566 1268 617 1348 apd
639 1269 702 1331 ausi
724 1267 882 1330 luerintde
898 1267 1043 1332 communi
1064 1266 1175 1351 largiri,
1197 1273 1227 1331 at
1248 1268 1327 1331 seri-

138 1354 197 1418 bae
219 1352 335 1436 quidem
359 1355 512 1437 ceterique
534 1372 650 1438 poenae
672 1356 843 1420 subiaceant
856 1349 898 1437 ³).

138 1540 276 1598 Claudii
300 1542 469 1612 Dynamii,
493 1545 585 1598 urbis
610 1545 795 1609 Praefecti,
817 1544 962 1597 edictum
985 1552 1099 1598 contra
1117 1542 1327 1598 molendina·

588 1618 712 1667 riorum
731 1614 881 1668 fraudes.

247 1757 338 1815 1720.
381 1758 480 1823 Pmmas
510 1758 592 1817 edidit
614 1760 740 1819 Gruterus
771 1777 797 1832 p.
823 1757 905 1815 iiis
929 1758 1099 1817 adscribens:
1138 1758 1187 1832 „Is
1209 1757 1327 1817 laniculo

138 1851 204 1905 este
225 1845 364 1903 secludant
386 1846 425 1903 lo.
447 1852 476 1902 et
497 1843 608 1916 Pauli“;
636 1853 701 1919 post
728 1863 788 1903 cusu
818 1845 966 1903 Fabrmdns
988 1846 1109 1920 Innupta
1137 1863 1165 1917 p.
1187 1844 1249 1900 529
1273 1844 1326 1903 ati-

139 1938 241 2006 qnasto
272 1931 451 2004 ennianum,
481 1938 510 1991 et
538 1931 682 1991 mvisaime
711 1933 831 1991 Oramus
858 1933 973 2004 Satiago
1001 1931 1118 2005 brenna
1147 1950 1176 2006 p.
1204 1930 1269 1988 508
1290 1944 1327 1989 ex

139 2021 300 2094 apograpbo
322 2018 500 2077 bibliutbscee
521 2019 717 2077 Riccasdiaaae.
753 2020 916 2085 Praefectum
938 2017 1012 2090 mbi,
1034 2036 1114 2092 quera
1134 2019 1189 2077 bno
1211 2018 1328 2077 edbu-

139 2106 352 2182 praesefert,
382 2106 451 2163 iuter
473 2107 626 2181 molestos
647 2105 766 2163 merten
795 2106 889 2164 aetatis
909 2105 1124 2164 blareloraenius
1149 2097 1236 2182 (Fert.
1259 2122 1327 2163 rom,

138 2211 167 2268 p.
191 2183 274 2272 508)
297 2200 450 2264 enumerat3
471 2194 591 2251 Osuuuua
614 2193 749 2251 Claudium
771 2193 926 2269 upmnmn
941 2210 1003 2251 cese
1018 2193 1107 2263 docet,
1131 2210 1208 2266 quem
1224 2211 1251 2267 p.
1266 2192 1327 2249 Cbr.

139 2297 183 2337 su.
206 2278 269 2335 488
293 2296 351 2336 cum
373 2278 410 2336 Pl.
432 2279 524 2337 Silidie
547 2279 682 2336 consulam
706 2280 805 2350 inisse,
827 2279 853 2336 in
875 2280 958 2336 Fastis
981 2279 1157 2354 perscriptum
1180 2286 1229 2336 est
1261 2279 1327 2336 Sta·

139 2373 213 2424 torae
237 2371 324 2423 auteur
346 2366 371 2423 iu
394 2366 511 2425 laniculo
534 2366 661 2425 collocari
683 2368 814 2441 praecipit
842 2367 957 2424 edictum
986 2368 1022 2425 eb
1044 2367 1127 2423 molas
1150 2366 1270 2441 aquarias
1292 2364 1328 2423 ibi

140 2453 176 2511 ed
197 2453 281 2528 ripam
303 2450 404 2510 Tiberis
427 2453 491 2510 sitae
514 2453 548 2510 de
570 2452 663 2527 quibus
687 2453 720 2512 V.
741 2455 857 2511 Fabrett.
887 2453 1026 2512 Dissertat.
1048 2450 1084 2510 ΙΙΙ
1107 2453 1142 2511 de
1163 2453 1330 2528 nqnaedne·

137 2540 209 2598 tibus
232 2558 257 2598 n.
281 2536 342 2596 34⁷
366 2545 393 2597 et
415 2539 517 2598 Preller
540 2540 587 2598 liis
610 2540 749 2613 {legionen
771 2540 819 2599 der
842 2541 919 2598 Stadt
940 2541 1014 2598 llam.
1035 2558 1063 2615 p.
1086 2537 1159 2597 215.

140 2735 157 2800 f
244 2647 384 2770 Glapdius
406 2649 494 2713 lolius
515 2645 689 2733 baasam)
711 2650 873 2733 Dynamius
891 2650 927 2711 V.
944 2648 976 2711 G.
992 2655 1022 2711 et
1036 2648 1085 2712 inl.
1094 2643 1125 2732 ⁵)
1140 2647 1221 2713 urba
1235 2647 1310 2711 Prae

156 2742 240 2801 ectus
261 2737 292 2799 P.
336 2784 343 2797 .

243 2733 356 2887 Ampe
383 2822 494 2903 patriae
524 2823 668 2905 compulsi
696 2841 736 2885 ne
765 2822 834 2905 qaid
864 2821 1030 2902 diligentiae
1059 2820 1167 2885 deesse
1193 2820 1331 2883 mdcatur

139 2907 240 2974 studio
265 2916 367 2972 nostro
390 2908 465 2972 adici
488 2906 663 2995 vovimusl)
692 2917 726 2973 ut
754 2909 881 2974 orrrninm
911 2908 1188 2972 molendinariorum
1210 2906 1330 2971 fraudes

139 2991 377 3078 mesenum),
399 3014 474 3078 quas
494 2996 620 3060 subinde
644 2996 803 3077 vonerabili
821 2994 931 3078 popule
957 3002 1047 3077 atque
1069 2994 1252 3059 universitati
1266 2994 1330 3055 lieri

139 3084 372 3167 suggerentibus
393 3083 480 3146 nubis
502 3084 691 3164 agnovimus,
718 3092 748 3147 et
774 3080 842 3146 idco
873 3088 999 3145 stateras
1028 3082 1093 3145 lieri
1122 3082 1332 3163 praecipimus,

141 3189 217 3251 quas
239 3170 269 3232 in
290 3169 417 3234 laniculo
440 3171 580 3234 constitui
601 3177 703 3234 nostra
717 3169 867 3251 praecepit
884 3170 1050 3233 auctoritas
1083 3167 1167 3231 Unde
1182 3166 1240 3231 bec
1254 3186 1330 3248 pro-

140 3264 305 3340 grammata
327 3257 548 3321 uniuersitatem
569 3275 659 3321 nosse
682 3256 890 3332 decernimus,
910 3254 1065 3335 frumenta,
1088 3273 1177 3336 quum
1199 3253 1237 3317 ad
1257 3254 1331 3317 bauo

138 3343 209 3408 loca
233 3343 413 3405 conterenda
443 3342 618 3421 detulerint,
648 3338 721 3427 upa)
750 3351 892 3406 consuete
920 3339 1075 3405 fraudibus
1098 3341 1215 3405 licentia
1236 3342 1333 3422 possit

142 3431 295 3505 amoveri,
324 3431 419 3510 primo
448 3446 576 3510 pensare
605 3448 666 3493 non
689 3429 839 3504 differam
868 3428 975 3491 deinde
997 3436 1155 3510 postquam
1176 3426 1331 3511 fregerint,

141 3524 266 3599 propter
287 3515 374 3578 fidem
395 3517 530 3599 integrae
552 3517 766 3579 observationis
787 3514 921 3581 adhibitis
941 3515 1046 3578 iisdem
1067 3512 1251 3596 pendebas
1272 3532 1330 3595 ug-

139 3610 282 3679 uoseuut,
304 3601 374 3666 nibil
396 3603 451 3666 sibi
473 3601 628 3667 abstulisse
649 3601 796 3665 licentiam
818 3602 1028 3667 fraudatorum.
1064 3601 1213 3683 Accipere
1231 3606 1331 3664 annm

140 3688 306 3753 seeundum
328 3690 518 3753 constitutum
541 3689 634 3751 breve
647 3684 689 3771 10)
713 3687 941 3752 molendinarios
965 3695 1021 3751 tam
1045 3689 1074 3750 in
1096 3687 1222 3751 laniculo
1244 3705 1332 3769 quam

140 3794 198 3859 per
229 3775 345 3840 diversa
375 3776 570 3859 praecipimus
599 3794 653 3857 por
683 3775 810 3840 modium
833 3794 922 3839 unum
944 3793 1048 3839 nurnos
1072 3781 1146 3853 tres,
1179 3774 1218 3839 ita
1240 3770 1332 3854 quud,

249 4013 277 4082 l)
294 4019 330 4070 lta
348 4018 456 4071 Βήσσου.
475 4027 498 4071 et
513 4019 580 4071 tittdo
598 4018 693 4073 Gruter.
720 4044 744 4053 —
764 4017 793 4083 2)
812 4020 921 4070 sacrariis
936 4017 1060 4071 liaubold.
1073 4032 1123 4069 non
1136 4016 1248 4068 indicans
1260 4012 1328 4067 unde

142 4089 272 4151 sumserit;
290 4087 336 4140 reli
354 4090 378 4139 ui
395 4090 511 4152 inermia,
528 4089 596 4157 quod
613 4087 765 4141 vocabulum
778 4086 912 4140 Salmasius
925 4088 956 4140 ed
969 4088 1096 4155 Spartian.
1114 4086 1178 4139 beli.
1195 4084 1253 4136 Ver.
1272 4100 1329 4152 cop.

141 4157 161 4210 1.
180 4165 245 4208 extr.
262 4105 382 4209 defendit
406 4180 437 4193 -·
461 4157 491 4223 3)
509 4158 545 4209 lta
564 4157 673 4210 brisson.
697 4167 723 4210 et
740 4157 863 4209 llaebold.
887 4158 1023 4209 adimerem
1046 4156 1172 4209 Gruterus.
1191 4151 1329 4207 Boucbaud

142 4228 256 4277 coniicit.
281 4226 428 4278 mliacento.
450 4252 482 4263 -
506 4223 535 4292 ⁴)
556 4227 670 4280 Eclesim
692 4226 761 4279 Grut.
779 4236 806 4279 et
827 4226 902 4279 Febr.
926 4226 1045 4278 Ecdcsius
1069 4224 1161 4277 Osann.
1185 4251 1219 4260 -
1243 4219 1272 4288 5)
1291 4223 1331 4273 vir

135 4295 295 4353 clarissimus
313 4304 340 4347 et
356 4296 473 4348 inlustris.
493 4323 523 4332 -
543 4292 572 4361 6)
590 4298 717 4359 patricias.
746 4296 774 4349 ln
792 4310 887 4363 apogra
906 4295 939 4348 bo
958 4294 1073 4347 Riccard.
1092 4294 1173 4346 abest.
1192 4319 1223 4329 -
1242 4290 1273 4357 7)
1294 4290 1331 4342 ltn

140 4364 212 4416 baec
228 4363 312 4416 laeam
330 4365 450 4418 exbibens
467 4364 536 4417 urus.
554 4364 629 4418 Febr.
652 4365 765 4418 liiacard.
791 4366 846 4417 cod.
864 4312 932 4416 aflei
953 4364 1045 4418 Osann.
1063 4365 1079 4415 i.
1096 4379 1121 4431 q.
1139 4360 1216 4415 adiici
1233 4360 1332 4425 accipit.

142 4433 284 4485 videnum
302 4434 373 4487 haus
391 4437 425 4488 ita
444 4434 567 4502 legendus
585 4436 631 4486 sit:
649 4452 680 4487 ne
696 4435 755 4504 quid
771 4432 910 4502 dilipeaticc
928 4432 1008 4485 &cecc
1024 4433 1136 4485 aidmtar
1152 4431 1331 4493 medinam,

142 4503 208 4555 edici
223 4502 348 4556 mnam
367 4530 399 4541 -
417 4500 448 4569 8)
465 4510 632 4572 competenter
648 4504 761 4557 lliecard
786 4528 817 4539 -
841 4499 871 4568 9)
889 4510 930 4569 at,
947 4501 1015 4573 quod
1038 4502 1105 4571 apud
1123 4499 1193 4554 drot.
1211 4497 1287 4552 reor.
1304 4504 1331 4548 et

141 4574 170 4625 iri
186 4571 245 4626 eod.
262 4572 377 4628 llieesrd.
395 4573 561 4639 desideratur,
578 4589 635 4627 cum
653 4572 754 4628 Quane
771 4572 952 4641 supplevimus.
963 4596 997 4611 ·-
1011 4569 1057 4637 iu)
1068 4571 1163 4624 amem
1173 4568 1243 4623 tirnt.
1254 4565 1330 4620 Febr.
