3106 5122
416 435 441 500 §-
458 436 482 491 3.
516 433 652 504 lemelia
669 434 755 505 tequea
772 443 799 490 et
816 433 1100 493 manuceneultorun.
1287 431 1352 499 297

166 612 206 663 ex
227 588 435 676 Laqudw)
460 592 571 659 unere
592 611 649 658 nos
675 594 771 659 vnestri
793 592 904 659 ordinis
925 593 1007 659 viras
1036 611 1095 657 ron
1123 591 1261 673 eueniet
1296 593 1350 659 ut-

164 680 243 744 mide
265 679 383 763 quidem
404 681 436 743 P.
459 679 489 742 C.
513 698 653 762 egressus
675 679 819 745 adsuetos
841 678 1059 761 familiaresque
1082 679 1166 743 vobis
1179 679 1348 761 prouincia·

164 786 230 831 rum
251 768 393 829 terminos
416 785 496 841 sum;
518 766 571 830 sed
594 766 733 829 destricte
755 769 810 829 ium
832 773 964 829 comatae
993 766 1102 828 Gallice
1125 784 1213 829 causa
1235 767 1349 848 agendo

163 861 219 916 est.
264 852 295 916 ln
319 872 375 935 qua
397 854 422 916 si
446 855 510 935 quis
533 853 590 915 hoc
612 855 741 916 intuetur
763 851 842 934 quod
865 851 942 916 bello
959 870 1013 932 per
1029 851 1133 915 decem
1149 868 1244 915 annos
1258 871 1350 914 exer-

164 940 283 1003 cuerint
304 938 403 1002 divum
425 938 538 1018 lulium,
559 938 636 1001 idem
661 946 790 1021 opponat
812 945 928 1001 centum
950 955 1095 1001 annorum
1117 938 1291 1002 immobilem
1310 940 1349 1001 lr-

164 1026 233 1088 dem
257 1027 490 1108 obsequiumque
512 1025 610 1088 multis
633 1025 754 1108 trepidis
776 1026 868 1088 rebus
890 1026 1000 1088 nostris
1015 1024 1168 1107 plusquam
1185 1033 1348 1106 expertum.

162 1113 205 1177 llli
227 1114 304 1194 patri
326 1130 392 1175 mee
414 1112 511 1175 Druso
535 1113 719 1176 Germaniam
749 1113 897 1195 subigenti
927 1117 1018 1173 tutam
1049 1114 1148 1192 quiete
1177 1130 1230 1175 suo
1259 1130 1350 1177 secu-

163 1216 328 1280 ramquea
356 1206 443 1281 tergo
473 1217 574 1281 pacem
605 1201 831 1280 praestiterunt,
861 1206 891 1260 et
920 1197 1035 1278 quidem
1062 1216 1127 1260 cum
1153 1194 1211 1281 αἳ)
1243 1216 1350 1262 census
1465 1246 1472 1259 .

163 1303 244 1348 novo
275 1291 334 1347 tum
366 1302 457 1366 opere
494 1293 523 1347 et
552 1285 706 1348 inodsueto
737 1285 836 1348 Galliis
864 1284 901 1347 ad
931 1285 1038 1347 bellum
1069 1284 1230 1357 advocatos
1260 1295 1349 1349 esset.

165 1371 252 1445 Quod
275 1390 349 1454 opus
372 1390 458 1452 quum
480 1371 600 1434 arduum
623 1374 660 1434 sit
682 1372 768 1434 nobis
790 1390 869 1434 nunc
892 1390 957 1433 cum
979 1372 1126 1450 maxime,
1148 1372 1279 1454 quamvis
1301 1374 1350 1434 ni-

165 1458 205 1521 lril
229 1459 303 1521 ultra
327 1476 413 1539 quam
436 1466 467 1520 ut
490 1459 622 1541 publicae
645 1466 732 1520 natae
755 1459 813 1520 sint
834 1456 988 1521 facultates
1019 1466 1140 1522 nostroe
1170 1461 1350 1541 exquiratur,

165 1545 251 1609 nimis
273 1563 381 1629 magno
404 1546 610 1627 experimento
630 1546 898 1628 cognoscimus...

362 1735 708 1788 senatusconsultum
727 1736 757 1787 iu
777 1736 930 1788 ltenerem
950 1734 1156 1787 Germanici.

271 1877 362 1935 1694.
400 1879 429 1936 lu
452 1879 558 1935 tabulae
579 1896 680 1936 aeneae
700 1879 865 1950 fragmento,
886 1879 1003 1936 furmure
1025 1879 1052 1935 in
1074 1877 1197 1950 Angliaaa
1214 1879 1350 1950 translato,

164 1965 264 2023 aditum
287 1983 302 2021 a
323 1966 376 2021 Feu
398 1964 555 2022 Frammeuti
577 1967 604 2023 di
627 1964 687 2022 lasti
709 1964 833 2023 coaeluri.
856 1966 929 2023 Runa.
955 1965 1045 2022 ¹820.
1067 1984 1093 2040 p.
1109 1966 1187 2037 xvt;
1208 1965 1349 2024 Nialnhria

163 2053 313 2110 Rueiaisclu.
330 2053 444 2108 lluseum
467 2052 509 2109 ittr
530 2053 662 2124 Philolog.
690 2051 772 2110 Boon
797 2052 887 2109 teat.
910 2053 931 2109 l.
951 2053 1045 2123 lalarg.
1066 2068 1093 2129 p.
1117 2051 1197 2122 3503
1220 2052 1348 2109 llnulmld.

163 2141 278 2197 flocum.
300 2139 354 2210 leg.
375 2157 402 2213 p.
424 2138 492 2197 lat.
537 2140 576 2195 lle
599 2146 756 2211 argumento
779 2146 886 2196 secutus
908 2139 1021 2197 consulti
1045 2138 1223 2196 conterendus
1245 2140 1348 2196 'leuitas

164 2227 259 2285 Ausul.
282 2224 315 2296 tt,
339 2226 378 2281 83
403 2225 537 2282 nisiinter
560 2226 608 2282 alle
639 2228 706 2283 ltaeo
735 2228 873 2299 leguntur:
905 2226 1028 2283 llouores
1060 2232 1088 2282 ut
1118 2225 1175 2298 quia
1205 2240 1296 2285 antone
1324 2228 1349 2283 iu

166 2312 349 2370 Germanicum
372 2319 419 2369 aut
438 2312 548 2385 ingenie
570 2313 682 2384 vatidus,
704 2314 805 2388 reperti
827 2312 999 2386 decretique:
1022 2319 1050 2369 ut
1073 2328 1169 2370 nemen
1184 2311 1242 2369 eine
1256 2311 1350 2373 Saliari

166 2399 282 2456 carmine
313 2405 470 2470 erneretur3
497 2400 574 2456 sedes
605 2400 707 2456 curules
729 2401 898 2457 sacerdotum
920 2400 1107 2472 Augustalium
1128 2399 1195 2455 locis
1218 2416 1351 2474 superque

166 2504 212 2543 eus
235 2502 367 2558 querceae
390 2503 508 2543 coronae
523 2493 717 2557 statuerentur3
739 2487 816 2544 ludos
832 2488 964 2544 circenses
983 2488 1082 2543 eburna
1099 2485 1203 2558 efligies
1220 2488 1351 2560 praeirem

168 2590 241 2631 neve
264 2573 321 2646 qais
344 2573 438 2630 damen
461 2580 505 2630 aut
528 2590 612 2647 augur
641 2574 775 2631 inlocum
806 2573 952 2631 Germanici
983 2573 1031 2630 nisi
1060 2574 1148 2643 gentle
1176 2573 1258 2630 lullae
1287 2590 1350 2631 cre·

166 2666 276 2718 arentur
297 2667 348 2717 ete.

681 2761 796 2843 Fragm.
814 2756 836 2822 l.

268 2853 394 2929 uterque
417 2847 599 2911 domestic..
623 2846 734 2911 Caesar
755 2848 875 2931 Aug...
899 2848 972 2911 citra
995 2865 1076 2913 mare
1097 2864 1168 2911 so..
1191 2845 1349 2927 aliquam..

167 2934 317 2996 canitur
308 2953 338 2996 ιιι
360 2934 506 3015 palatio..
529 2935 557 2995 in
581 2934 686 2996 eodem
708 2934 824 2997 libret.
847 2934 1042 3015 qermanicvm
1065 2935 1213 2996 arbitra..
1236 2935 1351 2998 senatui

165 3021 290 3119 placere
308 3021 387 3083 vti..
395 3021 556 3121 imagines
579 3029 760 3105 ponerentur
782 3039 912 3102 supro..
936 3030 1032 3084 cetera
1054 3040 1130 3102 qvae
1151 3038 1230 3083 exs
1246 3039 1271 3082 c.
1291 3020 1349 3083 ho·

166 3102 330 3170 uerendi..
354 3107 402 3187 qvi
424 3108 501 3170 inter
523 3107 577 3170 alia
600 3106 705 3171 eodem
728 3108 914 3171 volumine..
938 3108 1010 3171 utari
1032 3107 1265 3207 provinciarum·
1270 3108 1349 3170 asia·

166 3197 335 3256 ticaruaa.
364 3194 476 3275 quatias
504 3212 596 3276 agere
627 3201 658 3256 et
682 3212 886 3275 agnoscere.
918 3200 1037 3259 osarent
1059 3194 1107 3257 tbi
1129 3201 1234 3259 tere..
1257 3192 1348 3261 iscvm

167 3299 205 3362 qv
218 3327 248 3343 ..
271 3286 394 3347 ment..

673 3368 788 3450 Fragor.
811 3366 842 3430 ll.

166 3486 171 3496 ·
270 3454 340 3517 ll..
364 3473 451 3517 vua..
474 3454 545 3517 ratis
567 3461 630 3516 t...
654 3454 671 3515 ?
694 3455 703 3516 i
724 3473 835 3519 usco..
858 3456 937 3517 mi..
961 3472 1019 3519 non
1043 3472 1189 3536 parces..
1214 3453 1348 3521 Caesaris

165 3541 316 3622 pontificis
336 3558 417 3603 ocos.
431 3588 460 3603 ..
484 3542 620 3609 antonine
642 3542 746 3604 matris
759 3587 788 3604 ..
812 3541 886 3604 ulter
913 3538 998 3605 lanus
1027 3542 1112 3607 lieret
1126 3588 1155 3604 ..
1178 3543 1350 3625 regionilnvs

167 3647 248 3710 qx..
278 3645 336 3691 cen
366 3629 488 3692 veniens
518 3647 551 3690 ra
572 3675 602 3690 ..
632 3629 734 3690 tertius
764 3628 849 3691 lanus
883 3647 957 3691 vero
979 3675 1016 3691 ..
1055 3628 1203 3692 exercitus
1241 3627 1348 3692 deinde

165 3715 254 3795 pei..
278 3714 431 3777 Germanis
454 3722 484 3776 et
505 3734 596 3796 praec
609 3761 637 3776 ..
660 3714 799 3777 tumulum
827 3713 916 3777 Drusi
939 3714 1047 3778 lace..
1078 3720 1109 3776 ei
1130 3722 1277 3779 cumesses
1298 3717 1328 3778 iu

166 3820 225 3864 e..
249 3819 289 3862 ex
312 3799 377 3864 hoc.
400 3819 424 3864 s.
448 3819 474 3864 c.
497 3801 590 3866 luctus
612 3800 664 3863 ubi
686 3820 798 3881 corpus
820 3800 991 3865 Germanici
1023 3801 1157 3867 Caesaris
1188 3809 1349 3867 crematum

167 3934 195 3950 ..
217 3893 314 3953 resset
336 3889 414 3952 tri..

373 4078 516 4134 Senatus
534 4080 717 4135 consultum
735 4080 773 4133 dc
792 4080 880 4132 ludis
897 4079 1144 4135 saecularibus.

274 4223 365 4280 tuus.
408 4222 497 4281 Edidit
525 4223 592 4280 ltaec
620 4224 769 4296 fragmenta
799 4221 898 4297 primus
926 4221 1030 4280 Fuluius
1059 4221 1166 4280 Ursinus
1196 4237 1231 4280 ex
1260 4222 1349 4280 tabula

134 4326 312 4399 ‘marmorea
335 4312 369 4368 ud
392 4310 492 4368 calcem
516 4309 605 4384 operia
626 4310 735 4368 Antonii
758 4310 897 4384 Augustini
920 4310 960 4366 lle
983 4310 1085 4383 legibue
1108 4316 1136 4367 et
1156 4317 1262 4368 sanatus
1277 4326 1347 4368 oon·

174 4454 461 4463 ..mma—.-

271 4521 522 4645 illefualtmospo
490 4525 578 4592 penius
600 4530 626 4576 et
642 4522 737 4577 Artuud
763 4522 895 4588 exhibent,
920 4531 946 4575 et
968 4522 1148 4577 llunoutrier
1141 4540 1168 4577 ιιι
1189 4522 1275 4577 tabula
1298 4523 1349 4592 leqi

163 4602 309 4659 assererem
326 4609 428 4664 renqun·
446 4592 618 4663 Laudam-
639 4590 668 4659 2)
686 4593 772 4646 tabula
790 4601 877 4663 aperto
895 4595 970 4646 vitio:
987 4593 1021 4646 acl
1036 4611 1129 4646 ceum.
