3106 5122
354 450 377 514 ᾗ.
395 451 420 504 8.
455 449 566 506 Tabulae
583 451 719 506 historicae
736 452 887 507 aucmrltrte
904 451 1004 522 publicu
1021 453 1136 523 scriptae.
1275 452 1336 519 361

151 608 384 672 deuicensimum
408 609 516 672 Consul
538 608 591 673 Xll
614 611 754 673 trecentis
776 617 807 672 et
826 610 929 693 viginti
950 610 1076 675 millibus
1097 610 1194 694 plebei
1211 612 1342 676 urbanus

150 712 324 778 sexagenos
353 697 492 759 denarios
520 698 626 759 viritim
647 696 725 759 dedi.
761 698 791 759 ln
822 698 934 761 colonis
963 698 1083 762 militum
1105 717 1237 763 meorum
1259 699 1343 762 Con·

150 783 198 845 sul
221 784 353 863 quuntnm
377 801 417 844 ex
437 783 568 845 rnanibiis
592 784 696 845 uiritim
719 783 806 845 millia
828 802 977 848 nummum
999 786 1111 867 singula
1135 786 1217 849 dedi:
1248 804 1341 850 acce·

149 877 261 951 perunt
282 869 310 931 irl
334 870 506 951 triumphale
530 872 711 951 congiarium
734 873 763 932 in
787 871 901 957 colonis
923 870 1070 935 bominum
1093 873 1210 935 circiter
1223 881 1341 936 centum

151 964 184 1017 et
206 956 308 1039 uiginti
330 956 425 1019 millio.
471 955 579 1019 Consul
601 959 717 1019 tortium
740 957 883 1020 decimum
913 976 1084 1041 sexagenos
1114 959 1252 1024 denarios
1274 960 1343 1043 ple-

151 1044 221 1121 bei,
244 1060 318 1122 quse
342 1051 401 1105 tum
424 1041 600 1105 lrumentum
623 1043 769 1124 publicum
792 1051 986 1127 occeperunt,
1008 1045 1074 1107 dedi
1082 1066 1092 1122 ;
1115 1064 1150 1108 ea
1173 1047 1260 1109 millia
1273 1048 1342 1111 bo·
1362 1122 1365 1127 ⁴

149 1132 262 1192 minum
283 1129 372 1211 paolo
395 1129 476 1210 plura
499 1147 585 1211 quam
609 1130 734 1193 ducenta
751 1129 879 1193 luerunt.
903 1132 1027 1194 Pecunia
1045 1127 1148 1215 [quum
1162 1130 1233 1217 pro]
1249 1135 1340 1216 agris,

152 1234 233 1298 quos
256 1218 286 1277 in
308 1218 460 1279 consulatu
490 1235 557 1278 meo
589 1225 693 1298 quarto
723 1224 751 1278 et
774 1225 877 1299 postea
908 1219 1084 1287 Consulibus
1113 1220 1150 1282 Μ.
1174 1220 1281 1284 Crasso
1311 1229 1342 1284 et

150 1303 206 1364 Cn.
229 1302 355 1367 Lentulo
377 1303 503 1385 Augure
525 1305 674 1384 assignavi
696 1305 848 1383 militibus,
878 1305 953 1367 solui
976 1306 1145 1386 municipis,
1168 1326 1203 1368 on
1225 1315 1343 1371 sester-

151 1392 224 1452 tium
248 1391 365 1452 circiter
387 1393 523 1454 sersiens
546 1391 670 1453 milliens
693 1390 754 1469 luit,
778 1410 863 1471 quam
879 1388 946 1475 [err]
964 1392 1165 1455 collationibus
1181 1410 1236 1474 pro
1251 1413 1342 1476 prac-

152 1478 200 1538 alis
224 1478 387 1554 mammeri,
410 1485 439 1538 et
462 1479 580 1539 circiter
602 1479 645 1539 bis
668 1477 791 1539 milliens
814 1485 844 1541 et
867 1480 1065 1556 sescentiens,
1088 1478 1167 1558 quod
1191 1498 1245 1560 pro
1262 1482 1343 1564 egris

151 1563 382 1645 provincialibus
404 1565 487 1627 solui.
512 1564 541 1626 ld
563 1565 674 1646 primus
697 1571 728 1626 et
750 1564 831 1626 solus
853 1566 981 1628 omnium
1004 1565 1055 1645 qui
1074 1564 1263 1630 deduxerunt
1285 1586 1342 1630 co-

151 1651 248 1713 lonius
270 1650 391 1712 militum
413 1654 441 1713 in
465 1652 542 1713 ltalia
565 1659 614 1713 aut
636 1652 665 1712 in
687 1652 846 1732 prouinciis
873 1651 909 1713 ml
933 1655 1101 1715 memorium
1130 1655 1234 1715 aetatis
1256 1672 1345 1716 rnaae

151 1737 234 1809 ieci3
263 1744 293 1799 et
316 1745 418 1816 postea
442 1738 504 1799 Tib.
534 1737 655 1800 Nerone
678 1746 709 1799 et
730 1737 781 1798 Cn.
804 1739 910 1800 Pisone
934 1737 1127 1814 Consulibus,
1159 1742 1287 1820 itemquo
1309 1741 1343 1803 C.

153 1824 281 1886 Antistio
305 1832 335 1885 et
356 1824 390 1885 ll.
414 1825 515 1887 Laelio
546 1826 614 1906 Cos.
638 1830 668 1886 ct
690 1824 719 1886 C.
743 1823 870 1886 Calvisio
901 1832 931 1886 et
953 1824 984 1886 L.
1008 1826 1132 1888 Posieno
1165 1826 1343 1890 Consulibus

153 1917 186 1971 et
207 1909 238 1970 C.
261 1910 385 1973 Lentulo
408 1917 438 1971 et
459 1912 497 1973 Μ.
519 1911 677 1975 Messalino
709 1910 885 1973 Consulibus
918 1918 948 1972 et
970 1911 1001 1973 L.
1026 1911 1147 1975 Caninio
1169 1921 1201 1975 ct
1222 1914 1256 1987 Ο.
1280 1915 1340 1976 Fa-

152 1998 247 2059 bricio
271 1998 447 2060 Consulibus
472 1994 663 2080 [veteranis]‚
686 2016 762 2080 quos
785 1999 933 2060 emeriteis
956 1999 1098 2080 stipendis
1121 2001 1149 2060 in
1172 2018 1225 2062 suu
1245 2001 1344 2064 mnni-

154 2084 231 2164 ripia
255 2080 402 2167 [remisi]‚
434 2087 561 2166 praemio
591 2102 661 2146 uere
690 2092 843 2148 numerato
867 2086 1013 2167 persolvi,
1044 2104 1131 2168 qurum
1153 2087 1183 2149 in
1204 2105 1267 2149 rem
1291 2104 1345 2151 sc-

154 2172 289 2235 stertium
311 2172 428 2235 circiter
449 2173 585 2235 sersiens
609 2171 733 2235 milliens
755 2171 892 2254 impcmli.

261 2291 523 2377 Quaterpecunia
546 2313 611 2358 rusco
634 2295 694 2358 iuvi
725 2296 868 2358 aerarium
898 2296 993 2360 itaut
1021 2299 1192 2361 sestertium
1221 2296 1346 2361 milliens

154 2385 187 2442 et
208 2380 415 2462 quingentiens
437 2381 474 2445 ad
497 2401 550 2446 cos
574 2383 623 2462 qni
645 2391 802 2464 praeerant
823 2385 939 2446 aerario
962 2383 1117 2447 detulerim
1140 2392 1169 2448 et
1187 2385 1225 2449 Μ.
1242 2383 1346 2448 Aetni-

154 2467 194 2530 lio
218 2475 247 2530 et
268 2466 300 2529 L.
324 2468 449 2532 Auuntio
473 2468 540 2533 Cos.
564 2470 593 2531 in
616 2470 759 2532 aerarium
789 2470 930 2548 militare,
961 2470 1040 2551 quod
1069 2491 1110 2534 ex
1130 2471 1254 2535 consilio
1277 2491 1345 2536 meo

153 2554 342 2638 constitutum
366 2565 427 2634 est,
451 2575 489 2618 ex
512 2576 572 2638 quo
595 2556 724 2638 proemia
747 2556 888 2620 darentur
911 2557 1061 2633 militibus,
1090 2560 1139 2638 qui
1162 2558 1265 2641 uiginti
1287 2560 1344 2621 sti-

152 2640 266 2724 pendio
284 2643 469 2721 meruissent,
491 2643 536 2706 HS
559 2645 684 2706 milliens
708 2650 738 2705 ut
760 2643 993 2725 septingentlens
1018 2640 1098 2728 [Tib.
1127 2643 1261 2707 Caesaris
1284 2664 1343 2708 no-

153 2730 234 2791 minc
264 2737 294 2791 et
324 2724 407 2812 me]o
438 2729 537 2792 detuli.
583 2730 670 2793 Anno
702 2748 761 2810 quo
791 2729 830 2792 Μ.
862 2729 998 2794 Claudius
1028 2736 1058 2792 et
1086 2730 1118 2793 L.
1142 2730 1284 2794 Arantins
1315 2738 1345 2792 ct

120 2844 124 2852 ·
153 2834 233 2877 urrrro
256 2833 293 2877 eo
316 2833 374 2895 quo
399 2814 449 2878 Cn.
473 2825 503 2878 ct
525 2817 555 2877 P.
580 2816 720 2879 lentulus
744 2816 888 2879 Consules
920 2816 1056 2894 luerunt,
1087 2836 1154 2879 cum
1184 2815 1345 2880 delicerent

155 2899 280 2985 [horreo
303 2902 427 2982 publico,
450 2899 617 2988 pecuniam]
641 2910 757 2966 cerulum
782 2903 905 2966 millibus
928 2902 1073 2967 bominum
1096 2922 1135 2965 ex
1150 2905 1224 2968 meis
1240 2905 1344 2987 opibus

152 3008 210 3072 pro
234 2986 381 3052 lrurncnto
405 2990 480 3052 dorii.

681 3130 751 3191 Tull.
776 3128 821 3191 IV.

259 3249 375 3313 Curium
403 3257 433 3311 et
456 3249 610 3314 continens
639 3253 667 3314 ei
691 3250 884 3314 Chalcidicum
915 3251 1111 3333 templumque
1140 3248 1284 3335 Apollinis
1314 3253 1344 3317 in

151 3334 264 3400 Palatio
287 3355 353 3400 com
378 3339 547 3418 porticibus,
571 3338 674 3401 nedem
697 3339 762 3400 Diui
785 3337 847 3417 loli,
868 3339 1022 3420 Lupercal,
1049 3338 1195 3420 porticum
1217 3339 1254 3402 ad
1277 3340 1345 3403 Cir·
1401 3410 1404 3413 ,

153 3443 220 3486 cnm
244 3423 431 3504 Flaminium,
462 3443 549 3505 quum
572 3444 637 3487 snm
668 3424 809 3507 appellari
838 3443 944 3506 passus
974 3445 1014 3488 ex
1035 3428 1153 3489 nominc
1183 3426 1265 3505 eius,
1294 3429 1344 3510 qui

152 3513 283 3594 priorem
307 3512 412 3574 eodem
434 3513 464 3574 in
487 3512 552 3573 solo
575 3510 686 3574 lecerat
709 3512 870 3592 Octaviam,
893 3513 1026 3596 puluinar
1048 3513 1085 3575 ad
1108 3512 1224 3577 Circum
1247 3514 1344 3578 biari-

151 3617 242 3676 mum‚
265 3596 407 3661 aedesio
430 3598 571 3679 Capitolio
593 3598 670 3661 lovis
693 3600 805 3662 Feretri
829 3608 858 3663 et
873 3601 950 3664 lovis
974 3600 1124 3677 'sonantis
1147 3603 1251 3664 aedem
1267 3600 1344 3675 Oui-

134 3687 220 3762 ⁴rini,
243 3684 333 3747 aedes
355 3685 505 3748 Mineruae
529 3692 557 3746 et
580 3683 698 3748 lunonis
721 3686 852 3768 Reginae
875 3694 905 3750 ot
927 3687 1004 3750 louis
1026 3686 1181 3751 Libertatis
1197 3689 1226 3750 in
1241 3685 1344 3769 oven,-

142 3770 232 3847 'tino,
256 3771 359 3834 nedem
382 3772 489 3835 Larum
512 3773 541 3835 in
564 3791 676 3836 summa
698 3791 783 3837 sacra
806 3775 869 3851 via,
893 3774 997 3839 uellem
1027 3773 1129 3837 blutris
1159 3793 1284 3858 magnac
1311 3776 1342 3838 in

152 3858 262 3922 Palatio
286 3858 352 3921 leci.

258 3978 428 4060 Capitolium
458 3989 488 4043 et
518 3982 686 4065 Pompeium
721 3980 884 4061 theatrum,
916 3988 1076 4065 utrumque
1105 3999 1181 4064 opus
1212 3983 1345 4064 impensa

152 4065 278 4150 gronii,
307 4066 400 4130 reieci
431 4069 495 4130 sino
517 4070 574 4132 nlla
605 4069 798 4150 inscriptione
827 4069 952 4131 nominis
980 4072 1046 4132 mei.
1083 4069 1174 4133 llivos
1204 4088 1345 4150 uquarum

152 4153 354 4234 compluribus
381 4153 458 4217 locis
485 4162 631 4220 vetustate
661 4156 794 4219 labentes
822 4155 917 4218 reieci
947 4163 978 4218 et
999 4174 1105 4237 nquam
1134 4174 1210 4236 quac
1237 4157 1345 4220 Marcie

151 4240 317 4321 appellatur
339 4240 482 4322 duplicavi
505 4241 587 4305 lonte
610 4259 688 4305 nouo
711 4244 739 4304 in
762 4244 855 4304 riuum
878 4243 945 4304 eius
958 4244 1098 4307 immisso.
1122 4242 1229 4306 lioruru
1245 4243 1345 4307 lulium
1373 4288 1379 4295 ,

154 4335 184 4389 ot
208 4327 369 4405 basilicam,
393 4346 468 4408 quea
491 4328 543 4390 luit
564 4331 640 4391 inter
657 4329 760 4391 eodem
777 4328 908 4392 Castoris
924 4336 954 4389 ct
970 4329 1074 4392 aedom
1088 4329 1215 4408 Saturni,
1237 4338 1345 4412 coeptu

152 4414 372 4496 profligataque
395 4432 487 4495 opero
509 4433 528 4476 a
549 4423 632 4494 patre
662 4434 729 4479 meo
752 4414 866 4495 perfeci
895 4422 925 4476 et
947 4415 1072 4478 eandem
1094 4417 1244 4480 basilicam
1266 4435 1344 4479 con·

151 4509 296 4581 sumptum
319 4502 459 4565 incendio
481 4501 619 4581 ampliato
642 4503 707 4565 eius
730 4502 794 4565 solo
817 4503 873 4565 sub
896 4503 979 4567 titulo
1000 4505 1124 4567 nominis
1139 4503 1263 4566 liliorum
1277 4522 1344 4566 me·

153 4607 242 4651 orum
264 4588 399 4655 incohavi
421 4596 451 4651 et
473 4590 498 4653 si
522 4590 604 4652 vivus
627 4607 686 4652 nou
702 4588 907 4671 perfecissem,
927 4589 1029 4671 pcrbci
1042 4593 1079 4655 ab
1096 4588 1253 4659 heredibus
1268 4591 1343 4653 meis
